2522 4024
160 241 164 248 ’
190 231 234 280 mu
422 223 424 230 ’
464 221 505 270 DE
519 217 734 272 PROVIDENTIA
752 215 865 270 mvrun

205 349 206 356 ¹
285 321 339 385 Per
351 320 457 384 deserta
469 320 555 395 riam,
566 337 628 398 quas
642 317 764 380 formam
773 316 803 378 in
814 323 926 399 tempus
938 323 1096 398 utrumque

284 403 444 484 Temperat,
454 399 559 462 ultemt
568 405 600 460 ut
613 397 716 459 tribuat
727 397 787 458 viee
801 396 949 458 eornmoda
960 398 1072 476 eastris,

285 481 361 543 Luee
372 490 482 563 tegens,
494 487 521 541 et
532 485 614 540 uuute
626 495 738 557 regens,
749 476 846 538 eudem
859 476 933 558 ignis
947 484 976 538 et
989 476 1104 553 umbra,

284 561 441 626 Discutiens
456 559 576 622 flammis
587 556 963 622 tenebrusetnubeeulores.
1096 573 1160 620 240

286 721 358 792 Quid
368 721 466 803 loquar
474 727 501 782 et
509 718 621 801 trepidis
633 718 756 800 patribus
764 717 1037 800 quuminuumberet
1045 716 1156 798 hostis,

286 799 412 863 Divisum
422 799 548 884 pelagus,
560 798 707 880 solidoque
722 798 814 880 rigore
826 798 923 878 ligatas

287 881 376 944 Instar
389 880 492 942 montis
507 898 592 961 aquus
605 898 693 942 vacuo
706 879 823 940 cessisse
836 877 990 960 profund03

286 959 401 1042 (iurique
413 959 531 1042 gradmn
544 959 627 1022 illaesa
644 958 766 1021 tulerant
779 965 820 1020 tot
833 957 918 1018 millia
935 956 1038 1039 piebis,

286 1039 457 1122 Oppressum
471 1039 583 1122 AEgypti
596 1037 730 1121 pupulum
742 1036 906 1100 coeuntibus
920 1036 1024 1100 undis?
1095 1054 1154 1101 245

285 1119 386 1182 Omnis
404 1121 480 1184 enim
494 1120 600 1184 austeri
614 1118 697 1182 seruit
715 1124 812 1180 natura
825 1117 944 1200 petenti,

286 1199 410 1283 Quaeque
423 1199 458 1262 ad
472 1219 554 1282 opem
563 1199 675 1276 cedunt,
687 1197 785 1260 eadem
798 1197 966 1261 famulantur
984 1197 1019 1258 ad
1031 1195 1115 1258 iram.

287 1278 345 1341 Sed
361 1279 431 1341 mihi
445 1299 498 1341 nee
509 1299 628 1341 vacuum
639 1286 752 1340 cunetas
768 1296 926 1358 percurrere
940 1276 1045 1340 formas

286 1359 441 1432 Virtutum,
452 1366 480 1420 et
492 1358 578 1440 gestis
592 1358 648 1419 oris
659 1377 720 1422 nun¹
728 1375 807 1438 aequu
820 1355 951 1418 saunitas:

286 1437 357 1501 Nam
372 1438 434 1520 quis
446 1445 585 1504 tantarum
601 1437 710 1500 evolvat
722 1437 853 1500 miracula
866 1438 982 1500 rerum?
1094 1455 1152 1501 rso

168 1660 170 1670 .
212 1644 219 1676 ς
286 1627 320 1677 v.
349 1626 498 1688 Repente
530 1639 598 1674 nux
625 1626 808 1687 obiectione
832 1625 879 1675 du
903 1639 943 1686 pr·
1019 1635 1079 1681 ιιοῐ
1114 1631 1153 1673 οι

319 1689 621 1752 partiuntur-emens
646 1692 669 1735 u
692 1690 775 1736 uelle
799 1688 858 1748 qur
884 1695 935 1736 est
956 1688 984 1738 ,u
1056 1688 1098 1734 de
1113 1687 1153 1736 1·

318 1751 514 1814 repurtttton
530 1753 588 1800 des
604 1749 699 1798 biens
715 1758 749 1802 et
768 1751 827 1800 des
853 1765 954 1800 muux
975 1755 1073 1800 entre
1098 1751 1153 1800 le·

319 1815 404 1866 bens
420 1821 452 1864 et
468 1815 517 1866 le·
532 1813 713 1864 mechuuts.

383 1955 517 2038 Superest
529 1973 605 2017 nunu
617 1952 784 2038 respondere
797 1952 917 2036 querelis
947 1963 964 2005 .·

209 2059 212 2069 ·
289 2037 358 2108 Ouae
369 2035 468 2098 muudi
482 2034 565 2098 rebus
576 2033 698 2096 divinam
712 2032 845 2094 absistere
856 2051 951 2094 euram
1014 2061 1016 2066 ·

289 2115 441 2196 objiciunt,
457 2114 612 2196 dumsaepe
625 2113 714 2174 bonus
727 2111 805 2174 labor
818 2111 918 2174 auxius
932 2115 1023 2192 urget,

287 2195 323 2256 Et
336 2193 481 2274 tranquilla
494 2193 556 2254 fluit
569 2199 733 2258 tunctorum
744 2191 800 2254 vite
812 2191 960 2253 maiorum.
1016 2199 1020 2206 '

287 2272 351 2346 Die,
368 2291 431 2353 age,
446 2271 494 2352 qui
505 2272 592 2334 nullis
606 2270 717 2332 Domini
730 2271 900 2334 moderantis
910 2271 1026 2332 habenis
1096 2289 1149 2335 25⁵
1259 2257 1260 2330 ζ

288 2353 432 2414 Humanas
446 2367 492 2412 res
505 2350 546 2412 ire
578 2357 650 2425 utus,
666 2351 737 2431 quid
751 2350 785 2412 ab
799 2351 896 2414 urdine
911 2359 1000 2412 cessat

289 2431 417 2493 Naturae?
432 2430 499 2501 Quae
512 2371 584 2492 belii
598 2439 712 2492 movent
725 2430 884 2494 elementa?
897 2430 969 2502 Quid
981 2445 1103 2510 usquam

289 2510 410 2573 Dissidet
423 2531 438 2572 a
451 2510 542 2593 priseo
555 2511 675 2572 divisum
690 2509 794 2572 foedere
803 2513 916 2574 rerum?

286 2589 335 2653 Sie
348 2590 490 2673 interjectu
503 2589 568 2652 solis
582 2597 726 2652 revocatur
738 2591 872 2654 inertum

285 2670 374 2733 Nocte
388 2671 464 2745 dies;
479 2670 553 2732 idem
567 2679 609 2733 est
619 2670 692 2732 lunae
705 2678 898 2754 astrummque
910 2689 1048 2746 recursus,
1095 2689 1151 2738 uso

287 2751 322 2812 Et
331 2751 461 2832 relegunt
471 2757 551 2813 notas
564 2750 713 2814 subeuntia
724 2759 782 2813 tem
802 2771 849 2813 ora
863 2759 960 2814 metas.

287 2829 350 2890 Nun
360 2829 439 2892 aliter
448 2831 523 2893 venti
537 2831 653 2914 spirant,
668 2831 706 2894 ita
719 2771 840 2893 nubibus
854 2831 953 2894 imber.

287 2907 361 2970 Laeta
373 2918 486 3028 nepam,
503 2919 669 2992 serventque
680 2931 769 2993 genus
783 2911 920 2973 trudentia
933 2911 1016 2974 dores

289 2986 403 3050 Semina
438 3009 556 3072 quasque
568 3011 651 3054 suum
669 3013 675 3051 :
690 3011 743 3056 nee
755 2990 831 3054 abest
844 2991 879 3054 ab
893 2990 999 3073 origine
1010 2999 1106 3058 reruin

224 3231 428 3285 ¹Construisez:
446 3250 458 3276 ι
473 3231 575 3282 Semina
589 3233 648 3284 laeta
685 3234 824 3297 maisJ'uste
838 3235 1009 3298 etheureuse,
1041 3233 1095 3286 rete
1114 3236 1149 3288 ici
1259 3279 1260 3282 ,

192 3303 296 3362 nogant,
309 3315 320 3342 ι
335 3295 372 3347 les
383 3294 481 3358 plantes
491 3293 587 3366 fertiles
601 3296 646 3345 re·
686 3309 735 3346 uus
755 3297 815 3368 vois
834 3310 885 3348 aux
899 3298 1011 3408 plantes.
1088 3306 1148 3350 sont
1259 3347 1260 3350 ,

192 3360 305 3433 pendent
318 3371 380 3422 non,
392 3357 542 3430 custudire
554 3357 579 3405 ta
596 3355 647 3406 fer·
683 3357 745 3407 elles
758 3371 802 3421 qur
819 3360 899 3430 repon
916 3365 961 3410 ent
979 3372 1013 3410 eu
1034 3360 1147 3432 quelque

193 3422 274 3486 unte,
292 3423 317 3472 la
332 3419 456 3472 tteundrtt
478 3418 522 3468 des
548 3416 647 3480 plantes
682 3419 809 3468 sertettla
817 3427 934 3480 question
953 3435 961 3470 ε
983 3439 994 3466 ι
1016 3421 1084 3480 Quid
1104 3432 1147 3474 us*

193 3497 288 3546 preuve
310 3497 359 3547 que
384 3483 438 3534 rien
466 3481 529 3530 n'est
548 3479 646 3586 ehunpe
682 3491 759 3538 quam
778 3479 881 3531 dissidet
899 3483 915 3530 a
930 3482 1013 3544 priseo
1031 3482 1146 3538 divisium

632 3551 646 3588 e
681 3537 774 3587 fundere
789 3553 883 3590 rerum.
896 3561 907 3586 u
918 3569 949 3580 -
960 3543 1068 3602 «Florus
1081 3553 1148 3614 »tut
1259 3597 1260 3610 p

194 3609 281 3672 route,
305 3621 351 3672 pur
368 3621 418 3659 une
442 3605 523 3671 figure
543 3599 644 3664 hurdie,
677 3598 731 3660 regi
744 3613 812 3661 pura
826 3602 990 3653 prudentias
1026 3647 1029 3650 .

194 3546 258 3594 dum
275 3547 368 3598 l'ordre
389 3544 465 3596 dela
493 3546 591 3592 nature.
