2518 4042
221 193 268 242 ⁸4⁰
523 195 615 246 snlnr
630 197 873 251 oonnvunrdns.

401 291 462 356 lleu
475 315 525 358 cur
537 295 671 358 beneficia
685 295 786 360 Christi
800 299 945 381 passionis,

401 373 489 436 Penes
503 377 713 450 tememoriter,
726 377 820 451 homo,
837 399 894 440 non
907 380 1037 462 reponis?

401 453 454 516 Per
465 453 537 516 bane
549 455 625 517 enim
636 456 709 540 rupti
722 466 789 519 sunt
802 458 892 541 laquei
906 459 1054 540 praedonis,

400 531 453 596 Per
466 533 538 597 hanc
551 534 677 598 Christus
692 537 820 600 maximis
831 545 859 600 tc
871 538 967 601 ditavit
981 539 1075 602 bonis.

400 695 459 759 Suo
472 698 575 781 quippe
585 719 701 783 corpore
716 700 880 783 languidum
893 710 921 763 te
934 701 1022 793 pavit,

398 776 488 848 Quem
501 777 531 838 in
544 798 595 840 sno
609 799 657 840 san
679 779 743 842 uine
756 781 841 862 gratis
855 779 1004 855 balneavit,

400 856 520 918 Demum
532 877 614 919 suurn
628 799 708 921 dulce
722 881 770 922 cor
782 859 833 923 tibi
848 859 1012 953 denudavit,

400 933 438 998 Ut
450 936 490 999 sic
502 937 697 1015 innotesceret,
711 941 847 1022 qnantum
860 948 888 1004 te
902 949 1014 1004 amavit.

404 1096 427 1161 Ο
441 1099 525 1179 quern
536 1099 620 1162 dulce
632 1101 774 1177 balneum,
788 1123 850 1167 esea
861 1109 946 1196 qudm
957 1103 1059 1178 suavis,

402 1177 471 1249 Quae
481 1181 602 1243 sumenti
615 1181 698 1263 digne
709 1182 742 1244 sn
759 1184 880 1247 Paradisr
892 1184 994 1248 clavis!

403 1257 439 1318 ut
451 1257 486 1332 ei,
499 1279 582 1350 quem
596 1260 697 1334 reficis,
714 1262 807 1326 nullus
822 1264 900 1327 labor
912 1265 1016 1347 gravis,

405 1335 482 1400 Licet
493 1358 531 1401 srs
542 1337 651 1403 fastidio
664 1342 792 1406 cordibus
803 1345 919 1426 ignavis.
935 1371 948 1403 ι

407 1497 474 1557 Post
487 1495 546 1558 haee
557 1497 647 1561 dulcis
658 1500 749 1562 anima
761 1499 823 1584 plus
837 1510 866 1565 et
879 1503 940 1586 plus
951 1504 1107 1566 fervescens

408 1573 500 1636 Sensu
512 1584 571 1639 toto
583 1576 685 1651 deficit,
701 1601 815 1664 corpore
828 1583 980 1647 tabescens.

406 1654 469 1714 lam
480 1655 526 1716 vix
536 1655 563 1718 lo
584 1657 612 1718 ui
621 1657 734 1733 suffieit,
748 1660 797 1724 sed
809 1661 909 1724 affectu
922 1684 1060 1743 crescens,

407 1729 466 1796 Suo
479 1734 550 1798 le'eto
565 1677 681 1801 decubat
694 1749 788 1822 utpote
800 1741 995 1824 languescens.

408 1895 482 1980 Ergo
494 1896 582 1959 dulcis
633 1901 714 1963 tturis
726 1923 830 1986 organo
844 1915 982 1988 quassato,

409 1974 516 2059 Lingua
530 1985 589 2040 tant
611 1997 639 2040 m
653 1981 777 2062 palpitat,
792 1985 883 2047 sonitu
897 1985 1022 2067 sublato3

410 2055 466 2118 Sed
479 2076 528 2138 pro
539 2045 630 2120 verbis
644 2059 689 2142 pia
703 2083 783 2125 mens
795 2063 863 2126 lletu
877 2073 1067 2148 compensato,

409 2133 588 2200 Lamentatnr
601 2137 750 2203 Dominum
761 2147 843 2206 eorde
853 2145 984 2208 sauciato.

414 2293 462 2355 Sic
472 2302 514 2356 est
527 2306 620 2359 autem
633 2299 742 2362 animus
757 2301 832 2364 illius
845 2302 964 2380 illectus,

412 2373 496 2444 Quasi
511 2376 535 2437 ei
549 2395 670 2456 praesens
682 2380 719 2442 sit
732 2383 853 2445 moriens
867 2384 993 2457 dilectus,

412 2452 447 2513 Et
458 2473 472 2513 a
485 2473 566 2516 eruce
580 2456 695 2520 minime
708 2461 822 2523 retrahit
835 2471 972 2547 aspectus,

412 2531 480 2604 Quia
493 2533 531 2596 ibi
545 2537 652 2612 oculus,
665 2538 714 2602 ubi
727 2550 770 2602 est
781 2541 905 2606 affectus.

360 2739 363 2742 .
412 2692 549 2773 Gemitus,
562 2698 688 2780 suspiria,
702 2699 840 2783 lacrymae,
854 2703 973 2768 lamenta

414 2771 493 2834 Sibi¹
509 2783 574 2838 sunt
586 2775 700 2852 deliciae,
715 2780 803 2856 cibus,
819 2783 961 2866 alimenta,

413 2851 518 2924 Quibus
528 2857 619 2918 nova²
632 2866 738 2941 martyr
751 2870 793 2923 est
805 2864 915 2926 iuterim
927 2866 1051 2945 inventa,

412 2931 460 2994 Sic
476 2952 528 2996 suo
541 2938 669 3020 martyrio
681 2941 806 3022 praebent
817 2942 997 3012 incrementa.

415 3089 445 3152 ln
457 3090 512 3155 hoc
527 3101 599 3157 statu
615 3098 720 3180 respuit
732 3099 866 3185 quidquid
880 3113 923 3168 est
933 3114 1087 3186 terrenum,

413 3171 569 3256 blandique
581 3177 707 3241 solatium
720 3190 831 3264 reputat
845 3204 995 3261 venenum

268 3457 278 3492 ¹
298 3457 375 3508 «sibi
389 3454 533 3520 »aquilam
546 3459 583 3508 aa
594 3461 650 3514 ei.»
726 3472 853 3521 samment
866 3481 912 3522 son
924 3480 1048 3538 martyro.
1062 3478 1204 3534 tellement

267 3520 279 3552 ¹
298 3539 310 3566 ι
331 3520 427 3581 Quibus
448 3533 513 3570 nova
531 3531 631 3587 martyr
651 3533 698 3590 est,
726 3543 752 3579 sa
764 3545 854 3596 propre
866 3533 1087 3592 douleuruourrit
1099 3545 1206 3596 cadou-

235 3590 295 3648 οἱα,
317 3601 330 3627 ι
349 3583 394 3646 qni
413 3581 589 3635 renouvoltent
620 3587 699 3639 inees-
727 3591 791 3644 leur.

1016 3890 1149 4008 Q
