2562 4032
555 172 677 229 aucune
1054 171 1100 245 epe

253 272 377 336 Piscator
389 273 540 356 quondam,
556 272 619 336 coeii
628 292 704 334 nunc
713 272 815 354 janitor
826 271 925 346 almus,

261 361 265 364 ’
292 352 422 420 ecclesie
435 353 573 444 princeps,
589 363 680 436 pastor
689 363 716 424 et
729 353 788 444 ipse
801 351 900 430 ponus,

192 459 193 463 ¹
252 431 304 493 Cui
319 429 499 514 christusque
512 437 595 502 suum
608 432 773 504 servendum
786 431 868 494 tradit
880 431 952 494 ovile
961 450 981 505 ¹,

290 509 362 572 Dum
373 512 443 574 redit
457 512 491 574 ad
503 512 591 573 Patris
605 530 687 594 regna
702 511 782 572 beata
793 511 847 584 sui,

251 590 409 663 Qnimir'rm
423 591 489 658 felix.
499 598 573 657 totus
586 609 670 673 quero
683 589 728 652 diti
750 592 771 660 it
784 591 872 656 orbis!
1069 607 1101 652 ts

294 669 365 738 Huic
377 669 502 736 Christus
512 689 616 736 nomeu
630 611 842 738 permiscuere
855 669 941 739 dedit.

255 749 316 812 Hoc
348 750 429 812 ietate
445 754 496 812 sua
508 749 655 830 templum,
668 769 774 830 precor,
788 749 913 832 undique
925 749 1027 832 cinget,

295 771 479 912 Assentuque
491 850 542 892 suo
554 837 678 912 protegat
686 837 769 911 atque
778 838 855 911 reget
871 851 878 892 ε

254 909 453 989 turritumque
464 910 521 976 suis
531 909 643 971 famulis
654 917 792 990 protector
803 909 831 973 iu
846 907 893 972 illo

294 988 424 1060 Perierat,
439 997 468 1056 et
480 988 607 1072 precibus
619 988 690 1052 adsit
701 989 805 1070 ubique
819 989 890 1054 suis
1070 1003 1102 1051 so

252 1067 380 1134 Diruturn
394 1066 762 1138 flammiscenovaverathoe
773 1088 829 1150 quo
849 1067 979 1140 ueRado,

295 1145 346 1210 Cui
358 1167 425 1230 rogo
438 1148 595 1212 mercedem
606 1147 703 1210 reddat
716 1155 744 1212 et
756 1148 815 1227 ipse
827 1089 924 1220 θείως

327 1387 375 1438 ur.
391 1341 552 1440 ncmoeec
561 1387 732 1450 aermnae
741 1382 1015 1436 sami-uramini

253 1582 349 1644 Victor
361 1582 393 1644 ah
408 1584 488 1645 hoste
500 1583 584 1645 redit³
599 1583 691 1645 divino
703 1601 819 1646 munere
833 1580 922 1642 clarus

295 1662 369 1732 Dum
380 1663 489 1744 legione
499 1667 575 1724 sacri
585 1663 670 1732 victor
682 1662 715 1724 ab
729 1663 808 1724 hoste
820 1660 903 1725 redit.

253 1741 352 1803 Praeiia
367 1762 433 1823 pace
445 1741 495 1804 Dei
509 1741 657 1803 Mauricius
668 1742 750 1802 ardua
764 1742 839 1813 vicit,
1071 1757 1102 1800 ss

294 1821 469 1904 Exsuperans
480 1821 577 1883 mundi
588 1821 679 1912 puertia
694 1841 760 1902 pace
769 1820 829 1880 Dei.

253 1900 317 1962 Haee
329 1900 427 1962 domus
442 1921 505 1962 ecce
514 1921 565 1962 suc
577 1901 684 1961 titulata
698 1909 739 1960 est
752 1899 865 1960 nomine
877 1904 982 1970 sancta,

222 2007 228 2014 ·
292 1979 405 2062 Fuigeat
418 1987 445 2042 et
459 1981 565 2042 meritis
575 1979 636 2042 haec
646 1979 745 2040 domus
757 1998 821 2040 ecce
835 1977 914 2050 suis;

253 2059 338 2138 Gujus
352 2063 457 2121 honore
469 2081 578 2120 sacrum
588 2071 616 2122 et
628 2058 712 2120 micat
724 2057 778 2119 hoc
787 2058 870 2119 altare
883 2055 1016 2135 dicatum,

292 2137 415 2201 Gaudeat
426 2148 454 2201 et
467 2141 586 2224 populus
599 2139 678 2221 cujus
690 2136 795 2200 honore
807 2156 895 2199 sacro.
1071 2155 1105 2199 co

190 2379 198 2408 ¹
214 2395 226 2424 ι
244 2379 403 2430 servendum
418 2377 496 2429 tradit
512 2377 587 2430 ovile.
602 2381 625 2422 ι·
646 2378 714 2428 aussi
737 2377 858 2441 harbare3
877 2375 1016 2432 Maximien
1028 2375 1064 2426 les
1075 2375 1108 2426 fit

155 2442 238 2491 Ares
270 2455 297 2490 sa
326 2442 506 2504 resurrection,
530 2441 615 2490 iesus·
646 2439 1107 2501 d'eborddecimersansqueleurre·

156 2453 243 2554 ciust
254 2503 291 2553 dit
302 2504 363 2553 trois
373 2503 442 2553 foisa
454 2505 520 2552 saint
531 2504 616 2552 Pierre
646 2503 756 2552 solution
775 2516 808 2552 en
827 2503 867 2551 fut
881 2500 1007 2554 coarantes.
1020 2499 1106 2558 Eunu,

159 2583 171 2608 α
185 2565 261 2615 Pasce
273 2579 333 2615 oves
345 2577 423 2614 meus.
439 2587 450 2608 υ
470 2565 552 2628 Vopez
563 2565 615 2612 l'E-
649 2577 676 2612 sa
686 2563 775 2613 fureur
787 2577 819 2612 ne
835 2562 995 2611 connaissant
1006 2561 1063 2625 pius
1074 2563 1106 2612 de

158 2627 261 2692 pangite
273 2627 343 2677 selon
352 2627 419 2678 seint
428 2627 499 2684 ioan,
511 2627 554 2677 cir.
564 2640 617 2686 axi,
650 2625 751 2687 hoines,
764 2625 819 2680 iiflt
828 2636 967 2673 messacrer
982 2623 1007 2671 la
1022 2622 1107 2686 legion

157 2701 183 2738 u.
198 2695 262 2739 15ct
273 2689 394 2738 suivans.
651 2687 756 2736 enuere.
775 2685 886 2735 Maurice
904 2690 930 2734 et
947 2697 986 2732 ses
1006 2697 1108 2746 compa·

190 2751 287 2800 'saint
307 2750 419 2800 Maurice
436 2749 617 2811 commendati,
650 2761 732 2812 gnons
752 2747 888 2810 pouuaient
908 2745 1002 2796 vendre
1020 2747 1107 2796 chere-

159 2814 424 2875 souslesompereurs
436 2813 575 2864 Maximien
592 2819 618 2862 et
650 2817 721 2860 ment
744 2810 800 2860 leur
820 2808 875 2871 vie3
897 2808 929 2860 ils
952 2807 1108 2870 protererent

160 2875 309 2935 Dioclcsien,
321 2887 369 2924 une
390 2874 473 2936 legion
495 2875 525 2922 de
544 2877 617 2932 &000
650 2871 740 2922 l’offrir
760 2873 776 2920 e
794 2871 868 2932 Dieu,
884 2877 910 2920 et
929 2877 1005 2932 ayant
1017 2870 1107 2932 reposo

158 2935 286 2998 hommes,
298 2935 400 3001 appcioc
417 2937 442 2986 la
455 2937 540 3000 legion
551 2937 616 2984 The·
650 2934 719 2984 leurs
733 2947 825 2996 armes,
840 2933 901 2982 ilsse
911 2931 1042 2982 laisserent
1051 2939 1108 2982 tous

158 2998 257 3048 besuae
281 3003 307 3048 et
327 3004 397 3047 toute
428 2999 558 3060 composee
586 2998 617 3047 de
651 2997 759 3060 tgorger
781 3008 880 3046 comme
908 2993 952 3043 des
980 3007 1105 3058 agneaux.

158 3061 297 3110 coroticus.
317 3059 456 3108 Maximien
478 3059 567 3122 exigea
587 3059 617 3110 de
650 3057 710 3108 Cela
727 3071 752 3108 se
766 3069 837 3120 passa
850 3056 901 3106 l‘an
918 3058 965 3106 286
985 3055 1107 3106 dcitsus·

155 3133 197 3171 ces
217 3122 311 3172 soldets
326 3119 400 3184 quite
418 3121 469 3170 s’en
521 3128 618 3171 cessent
649 3119 741 3169 Christ.
1059 3159 1063 3172 .

155 3195 203 3295 par
213 3188 327 3233 serment
340 3185 356 3232 a
367 3182 455 3234 1'aider
471 3133 488 3232 ξ
521 3183 616 3234 etruire
681 3182 814 3232 ³«Victor
824 3181 856 3231 ab
867 3180 938 3230 hoste
948 3178 1022 3232 redit.
1039 3197 1051 3226 a
1072 3178 1106 3228 Le

166 3258 193 3297 es
202 3245 330 3296 chrotiens
339 3246 383 3307 qui
393 3245 487 3294 etaient
505 3245 567 3310 daus
581 3245 617 3294 les
649 3245 721 3308 poete
732 3257 765 3294 err
775 3245 890 3306 repetant
902 3241 925 3292 le
936 3240 1048 3304 premier
1058 3239 1105 3288 ht·

155 3306 257 3358 Geules.
268 3307 338 3357 cette
349 3307 502 3371 proposition
512 3306 542 3356 tit
552 3305 616 3356 hor·
650 3307 766 3356 mistichc
777 3306 811 3354 du
822 3303 934 3368 premier
941 3308 1000 3352 ‘vers
1009 3303 1025 3350 a
1034 3301 1059 3351 la
1068 3299 1105 3350 fin

158 3382 219 3421 reur
232 3371 298 3420 eccs
308 3369 399 3420 breves
408 3369 462 3431 qui,
474 3373 528 3420 tout
537 3383 569 3418 en
580 3382 618 3418 as·
648 3367 682 3417 du
692 3367 798 3432 distique
808 3366 916 3436 arienne
926 3365 941 3414 e
951 3363 1057 3476 sopitos
1069 3377 1106 3414 un

156 3431 408 3494 surenti’empereur
418 3431 448 3480 de
458 3431 514 3485 leur
524 3431 618 3482 fideliss
647 3433 773 3482 caractere
785 3427 987 3510 populairetree·
1007 3437 1049 3476 ron
1060 3437 1106 3490 ap·

156 3505 257 3545 comme
266 3493 369 3557 culdeos,
380 3493 536 3544 declarereut
544 3492 618 3556 qu’ils
666 3493 748 3554 roprie
771 3492 786 3541 e
813 3489 914 3542 lection
931 3487 1054 3552 heroicus
1073 3492 1105 3539 oe

158 3567 191 3606 ne
212 3555 349 3620 pouvaieut
366 3555 436 3606 obtir
456 3556 472 3606 t
492 3569 527 3606 un
542 3555 617 3606 ordre
674 3553 767 3604 aurice.
