2582 4028
187 143 234 198 202
443 135 606 192 autumus
618 134 737 190 namus
751 133 877 190 VIUFOR.

285 243 368 306 Liber
381 241 417 304 ad
427 241 571 304 arbitrium
581 243 600 312 ¹,
615 240 715 302 fruitur
727 242 774 322 qui
786 247 882 302 mente
895 241 1034 305 creatis.»

285 325 395 386 Dixerat
406 323 484 395 haee;
499 323 624 384 attactus
637 322 722 382 borno
733 329 784 382 est.
795 323 866 382 tium
877 321 1137 410 eonjugejussitats

285 405 413 466 Crescere
424 423 473 486 per
482 402 616 472 sobolem,
630 409 770 483 terrasque
783 401 889 482 replere
902 411 1043 466 raooutes

288 484 359 546 Tum
373 494 471 546 satura
482 483 570 544 semet
580 481 661 542 rebus
675 501 805 542 eonoessa
817 487 924 551 creatis,
1010 483 1016 498 ⁸

285 564 444 629 Praesertim
455 583 523 646 quas
534 563 588 624 rita
601 579 716 622 moreris
728 561 850 622 animare
860 563 977 634 ridetur,

285 644 453 727 Multiplieat
465 661 649 724 querumque
661 642 720 702 suis
734 641 855 722 primum
869 641 944 704 edite
959 641 1071 706 formis.

223 813 225 818 '
328 800 451 885 Septima
465 801 513 868 lua
527 800 781 884 magnumutvidit
793 805 916 863 oessrisse
927 803 1143 878 Pareutem,250

287 883 322 944 Et
336 883 460 965 requiem
474 884 595 945 tenuisse
608 903 699 958 suam,
715 889 776 942 tum
786 883 848 960 jure
861 891 964 944 secreta
980 889 1023 946 est
1087 895 1090 902 ⁴

290 961 1145 1046 Perieetrrmqrraeriditopusruamqueboequoqueptenumest

288 1041 413 1116 Virtutis,
426 1048 548 1106 eesstsee
558 1043 658 1115 Deum
673 1043 798 1123 posuisse
812 1041 929 1102 iabores.

184 1131 190 1140 '
289 1121 412 1205 Septima
426 1123 471 1182 tux
486 1123 579 1184 duruit
590 1122 754 1182 venerandae
768 1121 893 1202 exempla
908 1121 1023 1202 quietis,

290 1202 379 1272 Quam
392 1204 497 1266 preteeti
508 1222 605 1268 omues
615 1221 726 1284 sperare
736 1201 868 1282 iubemur
879 1201 909 1262 in
922 1201 994 1274 auis,
1095 1220 1144 1266 res

290 1283 321 1342 si
335 1283 418 1344 mode
432 1303 488 1344 non
501 1282 591 1344 desint
603 1301 718 1363 operum
732 1282 804 1342 bona
819 1280 888 1342 faeta
902 1281 1023 1363 piorum.

290 1361 357 1424 Haeo
368 1382 481 1443 quoque
490 1362 539 1424 bix
548 1362 624 1424 ittam
637 1363 737 1442 signet,
754 1367 809 1443 qua
823 1367 834 1400 ²
848 1367 948 1424 tartara
959 1361 1087 1424 Christus

291 1440 391 1512 Solvit,
407 1453 436 1502 et
445 1441 534 1504 evieto
546 1442 666 1504 reditum
679 1441 806 1532 patefecit
815 1461 916 1502 averno
929 1464 936 1500 z

293 1519 366 1592 Dum
379 1522 495 1601 patriam
504 1519 553 1584 itte
563 1521 650 1584 semet
661 1529 746 1582 rietur
755 1521 895 1584 rediturus
906 1521 936 1581 in
951 1520 1055 1592 sulam,

290 1600 409 1682 Jamque
418 1601 554 1665 melorum
567 1621 675 1684 erpere,
689 1601 811 1664 hument
825 1601 854 1661 iu
868 1621 950 1664 orme
962 1601 1149 1682 quiescitreu

293 1680 339 1741 Sir
353 1701 460 1744 cessare
471 1679 557 1754 Deus,
573 1681 613 1744 sio
625 1687 679 1744 otia
694 1701 804 1744 sumere
816 1682 903 1755 novit,

294 1761 362 1822 Plus
373 1769 405 1822 ut
417 1771 482 1844 egat
492 1781 616 1836 2222222,
634 1762 734 1844 puriter
749 1761 810 1824 siue
820 1761 879 1824 tine
888 1761 1045 1843 quiessem,

293 1842 403 1904 sicsine
421 1842 479 1904 fine
499 1861 625 1924 operans,
641 1843 840 1924 seriemqueet
853 1849 978 1924 tempora
999 1844 1134 1918 miscens,

293 1922 620 1986 Cessandoeortsummat
633 1942 703 2004 opus
733 1923 910 2003 uodeumque
923 1932 1036 1983 crearat.

295 2001 351 2064 Sed
363 2005 474 2084 qualem
487 2003 616 2085 qualique
629 2002 703 2063 Deus
715 1943 873 2063 immerserit
885 2001 974 2062 Adam
1023 1999 1027 2008 ’
1100 2021 1151 2066 res

271 2125 275 2130 -
295 2081 420 2155 Materia,
435 2084 483 2146 hio
496 2086 590 2161 pausis
601 2101 667 2144 oum
681 2082 757 2144 Mose
768 2101 909 2144 resumere
921 2083 962 2142 sas
974 2089 1028 2144 ast.

336 2240 444 2302 Primus
456 2241 532 2302 onim
547 2242 663 2312 moritis,
678 2249 837 2322 postremus
849 2242 878 2303 iu
891 2242 990 2304 ordine
998 2250 1058 2305 toto

295 2320 395 2382 Faetus
410 2321 505 2396 homo,-
516 2330 548 2382 ut
558 2341 619 2382 sese
630 2322 712 2384 rebus
725 2332 852 2404 praestare
867 2323 966 2384 orestis
978 2329 991 2365 θ

295 2399 404 2473 Nosset,
420 2411 447 2462 et
461 2401 527 2466 trino
539 2402 635 2464 laudes
649 2403 767 2464 Domino
782 2403 949 2485 persolveret
962 2421 1066 2486 aeqrras.

295 2480 369 2562 Ergo
383 2481 528 2544 hominem
540 2481 643 2544 iactura
657 2483 707 2544 uei
721 2503 821 2545 manus
835 2482 939 2564 optima
953 2485 1067 2559 summi,
1101 2499 1150 2548 272

297 2559 425 2624 Traotatu
436 2561 544 2626 faeitem
558 2583 593 2624 re
602 2564 675 2626 bene
686 2565 915 2644 gnarum‘eedere
930 2563 1038 2638 tirsum,

298 2640 331 2700 Et
345 2641 451 2704 tlexum
463 2643 637 2726 formamque
648 2644 736 2725 sequi,
754 2647 808 2725 qui
820 2643 931 2704 duoitur
944 2652 1013 2717 arte,

183 2756 187 2774 ι
299 2722 401 2793 sumit,
419 2730 447 2785 et
460 2723 613 2786 humanam
625 2727 735 2807 quatem
747 2724 805 2805 jam
817 2733 909 2784 mente
924 2725 1038 2806 gerebat

298 2798 423 2880 Erptioat
435 2804 465 2864 iu
479 2807 621 2886 speeiem:
639 2815 698 2865 tum
711 2804 779 2864 tiatu
793 2804 917 2864 immisse
931 2823 1033 2886 saporo

261 2927 266 2932 .
298 2877 357 2940 Vua
368 2878 466 2960 rigavit
475 2883 593 2945 humum
606 2886 707 2946 :teitus
716 2883 822 2944 moitits
833 2884 941 2965 liquore
1103 2899 1154 2948 272

298 2957 419 3020 Vertitur
430 2961 459 3020 in
474 2982 603 3024 earnem:
621 2973 649 3026 et
658 2966 781 3045 sanguis,
793 2965 841 3045 qui
856 2963 978 3024 lubricus
991 2963 1124 3036 immor‘,

299 3037 437 3100 Disteudit
448 3041 544 3104 molles
555 3062 605 3126 per
618 3051 683 3105 nota
696 3043 831 3106 foramina
844 3063 937 3106 renes

244 3279 250 3308 ¹
265 3275 360 3328 «Liber
372 3277 404 3328 ad
413 3276 556 3340 arbitrium,
567 3295 578 3320 ι
589 3277 657 3330 (ioue
698 3285 768 3330 «est.
779 3299 837 3328 »··«
849 3280 934 3332 Rebus
946 3285 1067 3343 prestere
1083 3289 1161 3329 eree·

202 3345 238 3396 drr
246 3341 310 3392 libre
320 3341 422 3402 arbitro,
696 3341 737 3398 tis,
750 3342 823 3392 »erre
842 3342 867 3392 ia
878 3343 1005 3405 premiere
1023 3343 1069 3392 des
1088 3343 1160 3392 oroa-

236 3408 271 3448 ἰ
287 3404 356 3452 illem
376 3401 578 3467 que,eto.r1e
597 3401 658 3464 jour
696 3407 775 3452 tures.

190 3467 466 3522 ¹‹telettesurreoriom
728 3462 935 3522 *rQuiluirrieus
946 3463 1052 3519 buraor.
1063 3465 1158 3525 usurp·
1269 3449 1271 3464 '

237 3532 280 3578 *ι
304 3527 403 3584 Faetus.
428 3547 440 3578 ι
465 3523 656 3582 sous-euterun
696 3525 808 3576 eutendu
820 3541 832 3572 r
845 3532 920 3577 est.»
