2548 4050
615 373 761 435 ..86-

250 525 332 593 Nox
346 538 423 590 atra
436 543 547 590 rerum
562 528 710 609 contegit
724 527 777 608 (de
792 527 875 589 saint
898 529 1092 609 Prudence),

249 651 346 727 Nox,
364 662 396 713 et
411 652 565 729 tenebre,
583 663 616 714 et
625 633 741 713 ¹nubila
757 651 815 732 (du
832 651 945 730 meme)
955 699 965 730 ,

252 773 360 852 Nunc,
377 783 488 835 sancte
502 773 594 836 nobis
607 773 773 855 Spiritus,

185 869 188 880 ’
251 897 429 959 primodie
443 917 505 979 quo
525 898 691 977 Trinitas,

251 1022 374 1083 Rector
383 1031 511 1102 potem,
526 1041 629 1084 verax
642 1023 748 1099 Deus,

251 1148 371 1204 Rerum
382 1155 516 1206 creator
530 1146 650 1226 optime
668 1145 715 1224 (de
730 1143 814 1205 saint
829 1143 1000 1225 Gre'goire)
1015 1192 1024 1223 ,
1043 1215 1046 1219 ,

250 1267 383 1346 Rerum,
399 1268 500 1348 Deus,
516 1278 616 1330 tenax
630 1269 746 1350 vigor,

251 1389 370 1451 Somno
382 1390 521 1470 refectis
532 1391 682 1470 artubus,

252 1513 414 1594 Splendor
422 1525 574 1596 paternae
592 1515 724 1597 glorie,

253 1637 394 1699 Summae
402 1658 526 1719 parens
540 1639 718 1700 clementiae
734 1638 781 1718 (de
796 1638 880 1701 saint
901 1638 1088 1720 Gregoire),

257 1763 402 1825 Telluris
415 1765 498 1825 alme
514 1764 685 1840 Conditor,

258 1889 304 1950 Te
316 1889 399 1950 lucis
411 1899 486 1951 ante
499 1889 681 1966 terminum,

257 2011 307 2073 Tu
327 2012 506 2073 Trinitatis
526 2013 659 2088 Πηίταε,

211 2172 456 2252 appartiennent
472 2192 529 2253 par
543 2173 613 2233 leur
631 2173 787 2254 me'trique
809 2178 825 2235 o
851 2174 880 2236 la
896 2175 993 2237 classe
1020 2184 1056 2236 n⁰
1084 2198 1094 2237 1
1116 2177 1168 2238 des

212 2313 283 2357 vers
302 2295 485 2374 Iambiques
501 2296 662 2358 dimitres.

252 2697 361 2762 Nocte
374 2709 546 2779 surgentes
559 2698 612 2779 (de
627 2699 710 2759 saint
724 2697 909 2779 Gre'goire)‚
946 2757 948 2761 .

253 2805 421 2903 Eceejam
436 2823 541 2884 noctis
559 2824 616 2904 (du
633 2823 767 2903 meimet),
1092 2903 1094 2910 Α

213 2989 459 3069 appartiennent
473 3010 530 3072 par
544 2991 614 3051 leur
629 2990 818 3070 me'triqueo
841 2991 870 3052 la
886 2990 983 3053 classe
1005 2999 1040 3052 ηο
1055 3013 1091 3070 2,
1114 2991 1165 3054 des
1250 2995 1251 3042 i

214 3127 284 3170 vers
300 3109 478 3191 Saphiques
494 3126 523 3172 et
537 3112 738 3192 Adoniques.
