2562 4032
488 213 578 266 SAINT
593 213 775 267 COLUMBAN.

266 309 316 371 Vel
328 326 391 392 quae
402 309 554 393 doctiloqui
568 310 727 373 cecinerunt
740 302 860 376 earmina'
874 322 951 377 vates
963 335 984 376 ι.

244 383 250 398 ’
266 389 320 451 Has
330 409 398 472 cape
408 389 524 460 divitias,
537 410 646 472 semper
657 397 805 454 contemne
816 393 932 458 caducas
945 416 951 454 :

266 469 297 530 ln
309 479 433 530 mentem
453 491 488 531 ue
498 470 549 530 tibi
558 471 651 532 ueniat
663 471 845 534 tremebunda
859 481 987 538 senectus
1001 525 1009 551 ,

265 553 356 623 Quam
374 489 472 642 geliiae
484 549 594 611 tandem
606 549 730 632 sequitur
741 551 869 614 uiolentia
882 555 990 618 mortis.

266 627 368 690 Ultima
380 649 439 710 Jam
449 630 559 708 sapiens
570 628 719 692 meditatur
727 638 851 713 tempora
864 633 938 704 vitae,

266 709 418 790 Torpentes
431 709 508 770 senio
523 709 606 784 vires,
631 710 797 793 morbosque
809 711 978 794 frequentes,

267 787 462 870 incertumque
476 789 551 851 diem
560 789 805 874 lethi,certosque
817 791 935 854 dolores.
1090 803 1124 850 2⁰

306 1029 391 1091 Multa
402 1049 498 1090 senem
508 1029 612 1112 fragilis
623 1038 724 1092 vexant
733 1030 909 1093 incommoda
924 1031 1034 1094 aarum:
1088 1105 1094 1112 .

267 1108 337 1169 Nam
350 1110 438 1170 morie
449 1110 523 1192 turpi
537 1109 680 1172 tabescunt
691 1109 820 1192 languida
834 1111 973 1183 memhra;

267 1188 346 1248 Tune
357 1207 481 1282 genuum
495 1193 622 1280 junctura
634 1191 715 1270 riget,
731 1209 870 1267 uenasque
880 1210 928 1269 per
941 1209 1039 1253 omnes

268 1266 343 1328 lilius
357 1285 388 1328 1n
403 1275 459 1330 toto
473 1267 595 1348 frigescit
608 1288 722 1350 corpore
737 1269 860 1348 sanguis.
992 1275 994 1280 ’

266 1345 314 1407 Sio
327 1353 338 1386 ²
349 1346 448 1408 baoulo
461 1347 564 1419 nitens,
579 1354 653 1408 artus
667 1355 802 1408 sustentat
817 1348 930 1410 inertes.
979 1355 982 1362 '
1087 1358 1120 1404 2⁵

188 1498 194 1508 ⁸
269 1425 343 1500 Quid
357 1427 447 1488 tristes
458 1445 624 1488 memorem
644 1427 756 1501 emitns,
769 1427 836 1510 quid
847 1427 929 1490 taedia
941 1429 1063 1492 mentis?

268 1504 391 1566 Somnus
404 1505 480 1566 abest
494 1505 590 1578 oeulis,
606 1447 685 1567 ilium
697 1525 782 1569 sonus
802 1507 902 1569 excitat
914 1509 1018 1575 omnis.

268 1580 340 1656 Quid
354 1593 421 1666 tupe
439 1585 558 1666 argenti,
570 1584 638 1646 fulvi
653 1585 719 1667 quid
754 1586 855 1648 ruderit
867 1587 926 1649 auri

268 1663 392 1745 improba
408 1665 562 1746 congeries,
583 1663 687 1726 multos
701 1607 814 1728 coiieota
828 1687 877 1748 per
887 1668 992 1728 annos‘?

268 1743 459 1825 Muneraquid
471 1744 638 1825 procerum?
652 1743 716 1804 ditis
730 1746 797 1826 quid
807 1747 921 1826 prandia
930 1747 1058 1808 mensae?
1090 1756 1124 1802 ³0

268 1823 342 1898 Quid
355 1823 516 1885 meminisse
527 1823 605 1902 juvat
614 1831 758 1886 transactae
770 1824 875 1906 gaudia
887 1827 959 1898 vitae,

268 1901 381 1966 Venerit
390 1903 507 1967 extremi
520 1903 633 1966 taudem
648 1923 735 1985 quum
748 1904 884 1965 terminus
901 1904 975 1966 aovi?

205 2209 206 2213 ,
269 2147 333 2210 Haeo
347 2147 415 2209 dum
428 2145 483 2207 vita
499 2145 582 2224 volat,
598 2144 678 2227 vigili
691 2145 739 2227 qui
754 2151 846 2206 mente
857 2150 994 2224 retractat,

269 2227 381 2310 Spernit
394 2225 547 2299 avaritiam,
563 2245 704 2307 vanosque
719 2225 821 2287 refutat
838 2229 848 2264 ³
863 2224 994 2288 honores.

269 2306 341 2378 Quid
358 2305 441 2371 modd
461 2305 576 2368 terrenis
591 2314 700 2368 mentes
713 2304 856 2367 intendere
875 2305 947 2367 euris
1087 2315 1121 2364 35

268 2385 397 2448 Mortales
409 2385 546 2466 cupiunt?
559 2384 632 2456 Quid
647 2387 737 2467 turpia
749 2387 824 2447 iuora
839 2388 1018 2466 sequuntur?

239 2459 244 2472 ’
269 2465 384 2547 Semper
403 2485 500 2525 avarus
511 2474 586 2546 eget,
601 2485 653 2526 nee
667 2465 750 2528 habet
763 2465 839 2544 quod
854 2465 955 2526 habere
966 2466 1084 2531 videtur.

269 2545 317 2607 llle
331 2544 407 2606 domi
421 2544 496 2612 solus
510 2564 642 2606 nummos
654 2543 798 2605 abscondit
812 2543 841 2604 in
852 2547 923 2609 ared.

269 2624 385 2686 Divitias
395 2623 552 2697 cumulans,
571 2623 640 2686 dum
657 2642 717 2685 sese
731 2623 820 2684 nescit
832 2643 937 2683 amare.

269 2703 336 2766 Plus
349 2710 424 2768 amat
433 2703 581 2776 haeredem,
594 2711 684 2766 servet
705 2702 751 2764 eui
767 2708 865 2764 cuneta
879 2701 981 2764 fidelis.
1098 2713 1131 2758 to

308 2943 331 3007 0
345 2940 554 3014 minturnensi,
570 2961 667 3023 pareus
680 2941 726 3002 eui
741 2941 844 3002 suffieit
856 2961 923 3004 usus
933 2947 956 3014 1,

268 3023 396 3106 Corporis
406 3029 438 3082 ut
451 3042 546 3084 euram
560 3020 750 3082 moderamine
763 3029 901 3104 temperet
916 3043 997 3105 aequo
1018 3025 1024 3082 !
1129 3021 1133 3026 ’

269 3105 331 3167 Non
346 3103 448 3165 miseri
459 3101 565 3184 eapitur
577 3105 704 3184 oaeodque
716 3100 845 3182 cupidine
857 3121 963 3184 rerum,

202 3357 211 3388 ¹
226 3371 246 3401 κ
263 3348 407 3412 Dostiloqui
429 3353 508 3396 vates.
521 3365 533 3390 u
546 3346 565 3394 ll
579 3343 634 3394 faut
699 3345 737 3388 ἰι
759 3343 808 3403 sio,
830 3362 841 3388 ι»
864 3341 937 3404 ainsi,
947 3344 1009 3392 dans
1021 3348 1061 3393 oet
1070 3343 1133 3395 etat.

171 3429 320 3480 remarquer
331 3413 364 3462 ici
378 3424 428 3474 que
446 3410 558 3459 dansces
574 3419 635 3469 quu-
699 3406 740 3450 ⁵«
761 3405 901 3467 {terniano
927 3404 1025 3468 rejette‚
1045 3405 1131 3456 denai-

169 3484 208 3530 tre
220 3491 279 3529 vers
297 3476 363 3526 saint
374 3471 516 3523 columban
534 3481 635 3518 reeom·
670 3481 730 3532 gne.
897 3528 901 3538 Ι
998 3528 1003 3538 .

168 3534 446 3596 mandeasoudtsoipte
456 3532 481 3580 la
492 3529 638 3582 leeturodes
703 3529 716 3601 ⁴.
729 3546 743 3576 u
756 3529 848 3578 Parcus
862 3541 902 3578 our
921 3527 1017 3580 suffion
1035 3541 1105 3594 usus,
1115 3547 1128 3577 n

168 3608 273 3654 auteurs
291 3606 318 3652 et
341 3599 385 3649 des
399 3595 485 3660 poetes
500 3591 637 3644 ehretiens.
674 3605 718 3655 qur
732 3603 758 3642 se
771 3595 888 3644 eontente
900 3590 931 3643 de
941 3604 1000 3656 peu.
