2566 4028
568 151 792 213 rudooucrnu.

299 259 447 346 Quumque
462 263 502 326 tui
512 268 651 345 aspectos,
667 264 839 326 sanctissime
851 281 929 346 papa,
945 263 1083 338 recordor,

339 342 447 425 Corque
460 345 610 425 oculosque
624 363 701 405 meos
712 343 751 404 nil
764 342 817 404 nisi
833 345 922 404 luctus
934 343 1027 407 hahet.

298 421 411 484 Munera
426 432 502 506 grata
517 425 566 485 tibi
577 424 707 484 incolomi
721 422 853 483 mittenda
868 423 1008 505 parabam,

338 501 434 564 Tristia
447 524 521 564 nunc
535 515 634 564 moesto
648 512 758 584 pectore
771 502 841 564 dona
856 523 931 580 paro.
1120 525 1156 569 20

297 580 432 644 ldarmora
446 603 495 664 pro
508 583 621 662 tunicis,
636 602 740 664 proque
754 603 820 643 auro
831 582 923 643 llebile
933 604 1045 646 carmen

338 661 425 732 oue*
440 673 517 745 gerat
531 683 598 723 urna
614 682 709 744 capax,
722 663 779 741 jam
793 670 838 723 tua
854 681 935 742 parva
950 664 1060 726 domus.

296 739 385 812 Quam
399 744 462 824 quis
474 743 507 804 ab
518 763 615 804 occasu
631 761 778 823 properans
788 742 832 802 vel
844 742 971 823 quisquis
980 744 1014 806 ab
1026 753 1088 807 orlu

335 820 489 904 Conspicis‚
504 822 549 884 hio
564 842 666 882 munus
679 821 753 904 qnod
768 821 914 892 venereris,
933 822 1027 885 habes.

296 899 386 961 Sexus
396 911 521 983 uterque,
534 921 628 972 senex,
640 901 844 982 juvenispuer,
856 901 972 975 advena,
986 903 1073 978 ciris,
1115 924 1149 968 25

335 979 464 1061 Quisquis
474 1002 514 1055 es,
527 980 648 1043 Adriano
663 980 706 1042 dic
720 981 755 1041 sit
766 1001 875 1042 amoena
889 981 977 1063 quiec.

295 1059 424 1122 Praesulis
436 1062 516 1122 istius
530 1081 647 1142 semper,
661 1070 692 1122 tu
707 1059 806 1133 Roma,
822 1069 975 1141 memento,

335 1140 389 1213 Qui
402 1140 452 1201 tibi
467 1149 541 1202 tutor
553 1161 649 1222 opum,
665 1161 762 1202 murus
774 1148 802 1202 et
815 1161 890 1200 arma
904 1141 965 1202 fuit.

294 1218 334 1281 Tu
352 1240 463 1302 quoque
475 1241 616 1283 successor
627 1221 750 1282 residens
763 1221 791 1280 in
805 1220 872 1282 sede
883 1226 997 1294 sacrata,

335 1298 379 1360 Sis
395 1320 502 1362 memor
516 1321 564 1362 oro
575 1301 667 1381 hujus,
684 1301 720 1361 sit
732 1300 807 1361 Dens
821 1301 879 1380 ipse
893 1305 944 1362 tul.
1114 1318 1149 1364 ao

293 1379 365 1440 Huic
378 1400 459 1462 prece
472 1393 548 1461 grata
558 1381 638 1462 quies
652 1380 731 1440 detur
742 1378 876 1460 Paulique
888 1379 1036 1461 Petrique;

333 1458 412 1520 Hunc
425 1480 536 1541 quoquc
550 1459 707 1520 coelicolum
720 1469 818 1520 cuncta
827 1468 934 1520 caterva
945 1461 1032 1540 juvet.

292 1536 363 1598 Huic
377 1538 467 1599 lucem
482 1539 603 1600 concede
619 1541 704 1621 piam,
720 1539 841 1600 concede
856 1539 988 1620 quietem,

332 1616 392 1677 Rex
404 1618 488 1692 DeuS,
499 1626 581 1699 atque
593 1619 685 1699 operis
697 1630 727 1680 tu
740 1619 871 1679 miserere
882 1619 933 1680 tui.

292 1697 333 1759 En
348 1697 478 1780 estquod
492 1698 580 1758 luerat
594 1698 683 1779 pulvis
699 1698 733 1759 de
746 1699 856 1781 pulvera
868 1708 1003 1782 sumptus,
1113 1716 1148 1763 35

333 1776 389 1838 Sed
404 1784 518 1857 putres¹
532 1778 639 1839 cineres
652 1771 819 1859 tn'reparare
831 1778 913 1838 vales.

293 1856 380 1920 Credo
395 1858 469 1938 quod
483 1859 529 1919 lric
544 1858 633 1936 pulvis
646 1863 780 1918 transacta
792 1869 881 1918 morte
892 1866 1026 1941 resurget,

331 1937 389 2001 Nec
400 1939 457 2017 jam
472 1948 532 2019 post
545 1938 684 1999 tumulum
698 1939 739 1998 sic
753 1939 901 1998 moriturus
915 1937 978 1999 erit.

292 2017 348 2080 llos
362 2018 454 2100 apices
466 2021 634 2099 quicumque
648 2017 726 2098 legis,
742 2028 768 2078 te
780 2038 864 2079 nosce
876 2018 1000 2079 futurum

329 2097 389 2160 Hoc
401 2097 474 2178 quod
488 2097 535 2158 hic
548 2107 599 2171 est,
616 2098 724 2158 omnis⁵
738 2097 792 2157 hoc
806 2117 868 2158 caro
882 2099 971 2179 pergit
984 2101 1044 2161 iter.
1110 2115 1144 2164 to

291 2176 356 2238 lnde
369 2186 445 2238 tuam
458 2186 575 2238 mortem
589 2178 712 2238 venturis
727 2176 834 2237 casibus
849 2188 955 2258 aplane,

329 2255 414 2318 Oratu
424 2263 452 2317 et
464 2256 590 2336 precibus
604 2257 642 2317 sis
655 2277 762 2318 memor
772 2256 867 2338 hujus.
880 2258 948 2318 Ave.

286 2468 363 2516 xlv.
380 2469 501 2516 Versus
518 2469 597 2516 laeti
615 2475 652 2516 ut
667 2483 689 2516 a
705 2469 816 2530 puer-l·
833 2469 869 2515 ln
889 2469 941 2517 elle
951 2469 1144 2518 Palmmm

593 2537 809 2600 cantarentur·
818 2531 838 2579 ⁴.

284 2699 385 2774 Gloria,
396 2700 458 2763 laus
469 2708 496 2763 et
505 2699 594 2762 honor
604 2699 652 2761 tibi
662 2700 708 2772 sit,
715 2721 762 2760 rex
772 2698 889 2770 Christe,
899 2697 1078 2782 Redemptor,

324 2781 375 2844 Cui
387 2781 493 2863 puerile
507 2783 591 2844 decus
604 2780 739 2863 prompsit
749 2779 872 2842 hosanna
884 2783 894 2817 ⁵
909 2778 995 2860 pium.

219 3056 227 3088 ⁸
247 3057 332 3117 «Quae
352 3074 364 3099 ι
382 3069 398 3105 a
418 3068 482 3118 pour
502 3056 652 3106 antecedent
671 3069 737 3120 gers.
756 3056 865 3120 L'Eglise
878 3054 1013 3104 enchante
1031 3054 1068 3103 les
1082 3068 1145 3126 pre·

184 3131 354 3170 «marmora»
364 3124 390 3168 et
401 3117 504 3166 «debile
513 3131 625 3167 carmen.
637 3139 648 3161 υ
672 3120 747 3168 iniere
759 3131 815 3168 vers
824 3120 840 3166 a
850 3119 874 3166 la
883 3116 1025 3179 procession
1035 3117 1070 3164 du
1076 3129 1141 3178 Jour

215 3181 226 3212 ²
246 3182 319 3232 «Sed
336 3187 421 3244 putres
437 3182 552 3234 cineres,
574 3187 646 3230 ote.»
670 3181 713 3230 des
727 3182 864 3229 Rarncaux.

182 3240 246 3292 Vere
265 3243 401 3304 empruntti
423 3243 439 3292 d
459 3242 526 3291 saint
547 3243 649 3306 Eugdne
703 3244 744 3286 ³«
769 3243 894 3291 Hosanna.
917 3257 929 3284 e
960 3240 1012 3289 Moe
1039 3239 1141 3289 hebreo

180 3303 213 3353 do
231 3304 331 3356 Teleda.
667 3306 786 3365 composa
796 3305 826 3352 dc
837 3305 876 3350 nsi
886 3302 929 3365 qui
940 3301 1040 3366 signille
1051 3301 1139 3362 soli-o,

214 3366 225 3400 ⁸
242 3385 254 3412 ι
273 3367 369 3418 Ornnls.
384 3365 500 3428 evorea,
513 3377 576 3428 page
591 3368 646 3429 258,
670 3374 696 3415 at
714 3367 745 3415 de
759 3371 780 3414 ta
795 3366 903 3415 formula
915 3365 945 3413 de
956 3365 1041 3427 priore
1054 3378 1138 3427 anno,

180 3433 240 3478 noto
255 3436 274 3478 t.
669 3427 714 3490 qui
732 3428 832 3491 signitlc
844 3446 854 3472 r
867 3428 979 3474 nurnero.
993 3425 1047 3474 olei
1065 3425 1083 3474 il
1097 3434 1137 3475 est

214 3487 355 3539 ‘Theodul
373 3490 406 3539 he
435 3501 552 3556 composa
582 3494 647 3538 cette
668 3489 783 3551 employa
793 3488 1022 3538 substantivement
1031 3487 1135 3550 etjoint

186 3544 281 3608 hamne
301 3503 412 3612 pendent
432 3563 476 3602 siu
497 3549 547 3602 exul
567 3550 582 3598 a
601 3552 652 3600 An·
667 3551 682 3599 a
695 3549 814 3611 l¹adjectis
827 3569 838 3594 α
853 3552 960 3612 pium.»
