2522 4024
446 153 543 218 'saltet
560 153 685 209 omnm.
996 162 1040 214 181

187 257 233 320 lllo
246 264 255 298 ¹
272 257 349 320 seraa
363 259 437 338 10010
450 256 546 318 reddet
558 257 607 319 tibi
622 257 729 318 semiue
742 257 835 328 tellus³

224 338 292 402 llaec
306 339 388 418 celsis
403 344 516 418 carpent
530 337 611 398 Seres
624 343 634 375 ²
649 338 678 400 iu
691 337 843 407 arboribus,

137 409 161 435 '''
184 419 310 510 Denique
323 437 374 502 per
387 421 479 478 totum
493 417 541 498 qui
554 417 777 479 circumvolvitur
791 441 897 483 aunum
915 425 945 496 ³,

221 497 364 580 Qurdquid
377 496 462 558 habes
473 507 562 558 totum
576 497 623 558 dat
635 498 685 558 tibi
699 518 763 559 cura
775 498 836 563 Dei.
1009 511 1042 559 70

186 578 306 662 Campus
317 597 408 640 messe
419 576 498 648 viret,
512 577 627 640 vestitur
638 577 751 660 palmite
763 578 851 658 collis,
907 577 916 582 ’

223 658 330 720 Arbore
343 658 449 719 diversd
462 656 536 717 mitia
544 677 628 797 poma
643 659 735 732 metis,

185 739 218 800 ut
229 739 355 800 studium
367 736 530 819 impendens
555 736 662 799 ecundo
674 737 805 830 providus
816 738 910 816 horto,
956 781 958 788 ·

142 871 146 878 .
223 817 297 880 Utile
311 839 368 900 quo
379 815 459 878 libuit
472 824 596 898 tempore
609 837 697 880 sumis
707 819 778 883 olus.

120 899 124 908 '
184 898 320 960 docendis
331 899 465 980 pinguem
479 917 662 980 quaecumque
675 899 704 960 iu
718 897 823 963 lumina
837 900 934 983 pinum
947 924 955 976 ;
1005 911 1037 958 75

221 977 370 1050 Nobilibus
385 976 492 1038 mensis
506 997 584 1039 cerea
596 977 708 1040 flamma
722 979 816 1042 micat.

182 1057 238 1120 Nec
249 1057 334 1120 modd
348 1066 457 1119 terreno
470 1059 579 1120 tantiam
593 1058 696 1120 servire
705 1057 818 1140 jubetur

117 1157 121 1164 ’
221 1135 276 1200 Ρο1
285 1137 375 1200 varios
388 1157 456 1200 usus
468 1136 576 1198 subdita
592 1144 664 1200 terra
674 1137 782 1200 homini
796 1160 804 1212 ;

122 1285 127 1293 ,
185 1217 266 1302 lpsel
280 1217 364 1280 ctiam
379 1217 512 1300 quidquid
526 1217 611 1280 101101
624 1238 709 1301 prope
722 1217 827 1296 nubila,
843 1221 977 1306 quidquid

135 1300 138 1308 '
220 1297 284 1359 Alto
298 1297 464 1360 subductum
480 1297 598 1360 volvitur
611 1298 639 1358 in
653 1299 760 1381 pelago,
865 1294 869 1302 '
1004 1311 1038 1357 80

181 1378 262 1440 Nunc
273 1377 386 1439 fallente
397 1377 470 1451 cibo,
486 1397 563 1438 nuuc
575 1384 648 1440 texto
660 1378 689 1440 in
703 1379 770 1440 retia
785 1379 854 1456 lino,

219 1455 334 1519 Artibus
345 1457 497 1518 innumeris
510 1457 577 1519 inde
588 1457 630 1519 vel
643 1457 707 1520 iude
722 1459 813 1542 petis3

179 1539 214 1600 Et
229 1537 278 1599 tibi
291 1557 367 1598 nuuc
382 1537 438 1599 imo
452 1537 571 1599 trahitur
583 1537 618 1599 de
630 1539 738 1620 gurgite
753 1539 852 1622 piscis,

136 1683 139 1696 2
219 1619 292 1678 Aere
301 1637 380 1679 nunc
392 1637 502 1680 summo
513 1617 687 1698 decipiuntur
696 1639 771 1680 aves.

117 1700 128 1719 “’
179 1698 298 1780 Agmina
309 1697 421 1760 venanti
430 1705 613 1779 prommpuut
623 1698 708 1760 densa
721 1699 841 1760 ferarum
1002 1709 1035 1764 ab

222 1777 276 1839 leta
288 1777 384 1861 pruebl
392 1777 500 1860 jaculis,
517 1777 560 1839 vel
571 1777 695 1861 laqueata
708 1779 807 1868 plagis.

97 1869 103 1884 ⁶
182 1859 274 1920 Prona
286 1859 358 1941 petis
368 1859 450 1930 10110,
464 1857 579 1919 canibus
593 1858 726 1938 fugientia
741 1857 825 1932 sutis,

23 1939 25 1956 '
221 1938 378 2000 Contundis
390 1937 473 1999 frenis
484 1957 530 2000 ora
544 1937 643 1999 ferocis
657 1938 731 2019 equi.

180 2017 225 2079 Ad
235 2018 302 2099 juga
312 2017 403 2100 panda
415 2017 499 2079 boves
510 2019 597 2098 cogis,
613 2017 647 2078 ad
661 2017 777 2077 mulctra
791 2016 920 2100 capellas

221 2096 361 2159 Distillant
372 2097 468 2178 crispis
483 2098 574 2159 dulcia
589 2097 671 2158 mella
686 2097 753 2158 lavis
769 2102 792 2162 ³.
1003 2109 1047 2155 90.

181 2177 223 2240 De
237 2178 311 2238 saxis
325 2197 461 2260 gemmas,
478 2195 576 2239 aurum
590 2177 718 2260 producas
732 2178 835 2260 arenis,

221 2257 363 2340 Lentaque
375 2258 409 2320 de
421 2259 500 2319 terris
512 2258 577 2339 igue
588 2257 698 2334 metalla
712 2260 809 2341 coquis
822 2281 830 2333 ;

180 2337 313 2400 Gramina
328 2337 459 2399 dlsoemis
474 2338 565 2400 tristes
581 2338 744 2400 medicantia
757 2340 879 2417 morbos,

221 2417 305 2479 Pellis
318 2416 476 2480 lethiferum
487 2417 600 2479 sedulus
612 2425 669 2479 arte
679 2419 794 2480 malum.

180 2497 353 2572 Quinetiam
367 2499 553 2560 utmerecm⁶
568 2498 713 2581 peregrino
730 2519 746 2559 a
761 2499 853 2561 littore
867 2509 975 2583 sumas}
1003 2509 1036 2556 95

221 2578 256 2640 Et
267 2585 315 2640 tua
327 2577 376 2640 des
388 2577 449 2640 aliis
461 2585 543 2660 atque
553 2579 642 2640 aliena
656 2586 744 2661 petas,

180 2657 311 2722 Flumina
322 2657 440 2742 remigio
452 2659 590 2742 percurris
603 2666 631 2721 et
643 2677 754 2742 aequora
769 2655 832 2722 1010
847 2679 856 2734 ;

119 2883 545 2950 ¹nilla»serapportetarela-
572 2895 604 2948 ge
633 2882 677 2934 des
708 2883 812 2934 mttoux
845 2882 876 2935 de
909 2883 1034 2950 l’Europe.

92 2947 223 3012 minalini;
232 2968 261 2994 »α
272 2950 326 2999 haec
336 2950 388 2998 »aa
399 2948 450 2998 eois
469 2947 546 3012 pallia
605 2949 616 2976 ³
635 2965 646 2992 c
658 2948 704 2996 Per
712 2952 794 2998 totum
803 2947 847 3010 qui
858 2948 1035 2998 circumvolvi-

93 3007 235 3062 velleribus.
245 3027 260 3060 o
573 3014 616 3058 tur
627 3022 733 3068 anuum,
744 3025 758 3055 »
772 3009 835 3058 dans
850 3010 874 3058 le
887 3011 967 3060 cerole
980 3017 1035 3062 tout

118 3073 155 3118 ἰ
174 3075 259 3124 Seres.
275 3092 287 3118 ι
303 3073 350 3124 Les
371 3072 443 3122 seres
467 3069 543 3120 habi·
573 3071 655 3120 entier
663 3072 693 3120 de
701 3071 810 3136 lanuto,
818 3073 880 3122 daus
889 3071 912 3122 le
922 3075 1034 3122 coursde

91 3133 207 3187 taieuten
226 3134 285 3186 Asia
306 3136 332 3184 la
354 3135 433 3198 partie
455 3135 544 3184 orien·
573 3132 670 3184 l'aunec
684 3134 790 3184 entiere.
1015 3195 1017 3201 Α

92 3196 132 3246 etc
153 3199 186 3249 de
206 3198 288 3248 l’lude
305 3211 353 3260 que
375 3197 426 3246 l'on
447 3196 545 3260 appelle
605 3196 617 3226 ⁴
635 3215 646 3240 c
664 3197 728 3260 lpse.
749 3215 760 3240 o
778 3195 968 3249 Snus-entendir
986 3196 1031 3245 «d

91 3259 547 3383 tttttiltuttfflttnt*tttt:
574 3257 1032 3371 1111111111·111

91 3383 125 3432 ste
154 3397 205 3450 par
233 3385 345 3435 certatus
366 3384 474 3433 insector
502 3394 548 3432 sur
606 3358 1036 3446 ⁸«crispidlavis,»reponsum-

90 3440 120 3494 101
128 3445 236 3500 ,10011100
247 3446 293 3497 des
312 3443 433 3505 muricus,
454 3445 479 3494 la
497 3450 548 3496 tra·
575 3443 663 3495 vailles
676 3458 736 3494 avec
749 3451 798 3495 art.

89 3508 213 3560 raillaieut
229 3515 255 3560 et
268 3509 293 3558 le
312 3508 449 3558 donnaicnt
469 3509 485 3556 a
504 3507 548 3557 des
610 3507 800 3559 ὅ0110100111»
822 3521 914 3574 pour«
935 3507 1037 3561 Merce-

89 3571 381 3636 marchaudsetrangers
404 3585 435 3621 en
454 3571 549 3622 tehen·
582 3569 677 3620 dem.»

133 3675 280 3726 clamne.
435 3667 438 3672 ·
928 3660 963 3725 11
