2518 4042
386 257 476 310 totu
492 259 534 309 nt
549 256 778 310 stiur-victor.
1016 256 1062 308 512

103 353 168 410 llaeo
183 355 217 412 ad
231 356 342 427 gloriam
358 363 499 429 parantum
614 355 658 418 Ut,
671 354 802 412 adventus
814 356 872 429 ejus
884 355 950 412 hort

102 425 249 484 Pulchrum
263 427 336 484 dedit
347 436 534 489 ornamentaun
612 426 776 498 Praeparatd,
791 426 848 483 siue
861 428 936 482 mord

139 497 242 554 llorum
256 499 398 583 privilegia
411 501 418 536 ⁴
423 519 431 571 3
648 499 732 554 Intret
744 498 777 554 ad
790 497 923 554 convivia.

101 567 176 624 Clara
192 586 238 642 per
253 580 451 642 progenitores,

102 638 204 695 Claruit
216 657 268 724 per
276 657 368 698 saeros
381 657 470 700 mores

138 711 378 784 pmppfflgsaffip·
612 675 720 734 sistitur
732 675 901 749 imperatori,

612 747 728 820 Cupiens
740 763 789 819 pro
802 747 908 805 Christo
923 748 992 805 mori
1003 767 1011 819 ;

647 817 728 891 Cujus
741 821 770 873 in
785 819 930 890 praesentit

105 885 213 944 Florem
227 887 313 944 teneri
327 888 445 958 decoris,
611 889 812 962 Quinquaginta
829 891 964 962 sapientes

100 957 238 1014 Lectionis
252 966 279 1014 et
293 958 392 1017 laboris
610 963 696 1018 llutos
711 960 798 1018 reddit
812 967 838 1018 et
852 962 961 1018 silentes

135 1029 387 1086 Attriverostudia:
646 1030 912 1104 Virginislacundia.

100 1098 167 1154 Nam
181 1101 298 1173 perlegit
310 1101 466 1175 disciplinas

98 1171 246 1228 saeculares
260 1178 288 1228 et
298 1171 403 1229 divinus

134 1244 163 1298 ιη
175 1241 368 1300 adolescentia·
611 1208 733 1266 Carceris
753 1209 883 1267 horrendi
900 1210 1061 1278 claustrum,

610 1281 644 1337 Et
656 1288 776 1338 rotarum
787 1282 864 1338 triste
876 1283 1038 1352 plaustrum.

645 1353 754 1420 Famem
767 1358 795 1409 et
803 1351 916 1424 jejunia,

96 1420 148 1475 llas
160 1419 288 1484 electum,
299 1437 345 1478 vas
360 1420 502 1489 virtutum,
598 1423 644 1478 tn
658 1438 835 1497 quaecumque
848 1422 917 1480 finnt
929 1422 965 1492 ei,

98 1491 422 1560 Reputavitsieutluturn
610 1496 834 1551 Sustinetamore
848 1495 896 1552 Dei

133 1562 208 1618 Bona
220 1563 383 1632 transitoria,
644 1565 744 1622 Eadem
756 1565 788 1622 nd
802 1565 893 1622 ornuia
906 1568 929 1622 ⁴.

97 1631 133 1688 Et
144 1632 251 1690 reduxit
263 1635 290 1691 in
307 1640 491 1706 contemptum

97 1703 185 1760 Patris
197 1721 261 1776 opes
277 1712 305 1762 et
318 1711 459 1778 parentum
476 1713 487 1724 '

131 1776 216 1848 Larga
228 1777 398 1848 patrimonia.

608 1743 690 1799 Torta
701 1749 811 1816 superat
822 1749 963 1812 tortorem,

608 1818 723 1940 Superat
734 1817 924 1887 imperatorem

667 1887 764 1942 eminae
779 1887 948 1942 constantia:

97 1953 174 2010 Vasis
189 1951 202 1991 ²
215 1957 305 2012 oleum
321 1955 476 2028 includens,
608 1955 750 2012 Cruciatur
762 1957 918 2029 imperator,

97 2024 179 2099 Virgo
196 2027 303 2099 sapiens
313 2027 325 2067 ³
337 2032 365 2082 et
379 2027 497 2099 pruriens
608 2027 679 2100 Quia
695 2027 772 2084 caedit
786 2033 955 2096 cruentator,
979 2082 981 2090 ,

133 2099 237 2169 Sponsa
251 2097 441 2171 pergiratur,
643 2099 698 2155 Nee
711 2098 801 2155 valant
812 2098 975 2171 supplieiai.

133 2449 140 2479 ¹
165 2449 229 2499 «td
249 2449 358 2514 gloriam
377 2449 471 2502 dedito
488 2452 557 2515 equi·
619 2453 631 2488 ⁸
654 2474 665 2499 a
685 2453 779 2504 Eadem
799 2453 831 2503 ad
853 2453 948 2504 omnia.
966 2472 978 2497 ι
999 2453 1047 2504 Ceo

99 2515 161 2582 vaut
193 2512 209 2559 a
232 2528 246 2558 n
258 2513 346 2584 glorlae
366 2514 503 2585 addidit.»
528 2541 559 2552 -
587 2515 690 2578 simplos
709 2515 816 2580 paroles‚
828 2517 935 2578 rejetees
949 2514 1013 2565 ainsi
1032 2515 1049 2564 a

98 2573 184 2622 Sarute
196 2574 333 2627 catherine
343 2576 403 2626 etart
414 2577 490 2626 d’une
501 2590 559 2626 rane
588 2577 661 2627 latin
674 2578 706 2627 de
717 2577 742 2625 la
753 2576 865 2639 strophe,
877 2584 923 2628 ont
937 2578 1048 2639 quelque

97 2634 193 2708 royale3
205 2663 237 2672 —
250 2653 264 2683 n
277 2638 386 2709 illorum¹
397 2637 532 2703 privilegia
543 2653 557 2684 n
588 2640 662 2690 chose
673 2639 704 2689 de
716 2638 833 2688 sublime.
898 2699 902 2710 Ι
921 2700 926 2711 .

98 2703 422 2811 ttlttltttlllttt
440 2701 456 2748 a
475 2699 558 2763 “ll
588 2703 637 2812 ni
652 2700 979 2812 ttlt‘nlttl¹¹ttt
994 2699 1048 2810 ul?

97 2771 111 2808 c
130 2822 141 2851 ¹
162 2838 176 2868 a
187 2822 267 2872 Vasis.
290 2797 307 2870 n
327 2799 397 2873 Datii
412 2823 504 2888 pluriel
528 2823 558 2874 de
588 2777 656 2898 inei}
668 2825 699 2896 de
714 2798 885 2896 ifexpressiom
896 2823 1047 2904 l'lrarrnome

99 2897 403 3019 «iaiaiirrguomsngiensq
419 2949 559 3011 Emprunte
588 2893 698 3013 1εὲηὲξέ
700 2885 904 3007 θίξῖῧῗέτιὲῗιοξίτ
912 2886 1048 3018 eltalptaiihie

96 3009 113 3056 a
134 3007 159 3056 la
178 3010 296 3082 peretola
317 3010 361 3060 des
381 3023 439 3073 ernq
462 3010 560 3073 vierges
588 3025 632 3062 son
649 3013 788 3084 energrque
804 3010 849 3060 des
870 3011 965 3072 lettres,
977 3022 1048 3058 men-

98 3082 171 3133 ⁸³⁸⁶⁵
189 3072 560 3185 taurustaurus
588 3074 801 3186 lllldlllllal
824 3073 1048 3196 llatttltl‘rt

116 3145 190 3257 (arei
203 3196 270 3245 saint
288 3196 421 3260 matthian,
443 3148 558 3247 enpouv.
587 3199 660 3262 rique
680 3197 711 3248 de
732 3198 757 3246 la
774 3199 874 3260 pensae.
896 3197 953 3245 Plus
966 3209 998 3245 on
1018 3195 1048 3246 lit

98 3257 204 3307 Comme
218 3259 254 3308 les
268 3258 368 3321 vierges
386 3273 467 3324 sagas,
479 3259 559 3310 sainte
587 3267 652 3310 eette
662 3258 818 3324 magnlssque
828 3259 980 3322 struphe‚on
990 3257 1048 3308 l'art

99 3319 235 3372 Catherine
251 3328 295 3370 erat
307 3322 362 3371 soin
375 3322 406 3372 de
418 3328 510 3372 mettre
527 3322 559 3371 de
588 3329 625 3373 est
637 3323 658 3372 si
669 3322 728 3372 bien
740 3321 815 3371 carcha
827 3321 901 3383 qu'on
915 3333 946 3370 ne
958 3320 1047 3383 l'aper·

96 3381 393 3446 l'lruiledanssalampe.
406 3384 559 3435 dest-adire
588 3386 638 3450 enit
659 3398 703 3448 pas
720 3383 763 3433 das
783 3382 886 3442 l'ahord,
898 3383 955 3446 plus
971 3395 1005 3432 on
1022 3384 1047 3431 la

97 3443 190 3507 quffelle
204 3445 241 3495 sut
254 3446 360 3495 humble
372 3452 397 3495 et
409 3446 558 3511 eharitable,
587 3455 676 3498 trouve
686 3443 835 3496 admirable.
844 3444 925 3502 Saule,
936 3443 984 3494 elle
993 3443 1045 3494 sui-

98 3506 226 3569 etqu‘elle
239 3507 560 3570 pratiquatouteslesver·
588 3513 618 3561 lit
643 3523 707 3574 pour
734 3521 843 3571 prouver
869 3505 993 3570 qu'nnam
1015 3507 1046 3558 de

99 3575 142 3618 tus
152 3569 324 3633 ehretiennes,
334 3578 459 3634 pouretre
469 3573 558 3634 ,reunia
587 3571 763 3624 saint-Viotor
773 3569 834 3620 tran
851 3583 887 3619 un
899 3571 971 3634 poeto
985 3569 1046 3620 d'un

98 3631 162 3680 dans
183 3633 205 3681 le
222 3633 296 3682 riola
314 3645 359 3682 son
378 3633 448 3682 divin
461 3635 557 3698 Epoux.
587 3634 668 3698 grand
683 3632 766 3696 genia.

873 3722 923 3789 29.

967 3929 1037 3998 ’til
1077 4002 1079 4005 ,
