2518 4042
392 241 480 293 ADAM
493 241 535 294 DE
551 244 778 297 solitu-vlumus.
1017 253 1062 302 509

109 340 202 399 Pnodit
213 345 314 415 martyr
325 340 511 412 conflicturus,
616 345 740 402 Truncus
752 351 878 404 truncum
894 349 902 383 ¹
917 354 998 421 capnt
1008 351 1089 421 vexit,

110 412 165 470 Sub
177 411 267 469 securi
275 419 328 468 stat
340 428 465 485 securus3
618 415 695 484 Quod
708 416 839 474 ferentem
853 418 907 475 hue
920 419 1020 478 direxit

110 482 184 540 Ferit
193 485 279 548 lictor,
292 484 385 556 sicque
402 485 488 540 vietor
652 489 816 561 Angelorum
835 490 916 562 legio.

144 555 352 612 Consummatur
364 555 460 628 gladio.

653 629 717 686 Tam
729 633 858 703 praeclara
872 634 961 704 passio

110 707 451 779 Seoadaverrnoxerexit,
651 702 765 774 Repleat
776 719 827 760 nos
841 704 947 777 gaudio.

339 843 439 896 xxm.
455 843 502 890 lie
516 843 642 892 naneti·
656 842 880 904 Eumqeliutin.

107 949 228 1007 Psallat²
238 950 336 1008 chorus
349 952 429 1008 corde
442 949 559 1008 mundo:
614 948 719 1008 Summi
732 949 820 1004 Patris
835 948 1041 1022 comprehendit

108 1021 163 1078 Hos
179 1022 280 1078 attollat
290 1038 339 1095 per
354 1038 421 1096 quos
435 1021 536 1078 mundo
650 1022 746 1077 Natum
759 1026 821 1076 ante
833 1022 931 1077 saecula
939 1040 947 1092 ;

143 1095 247 1156 Sonant
264 1093 425 1166 Evangelia;
614 1093 722 1149 Pellene
737 1091 837 1148 nubem
847 1099 948 1149 nostrae
958 1092 1038 1149 molis
1048 1093 1069 1157 ⁴,

107 1163 179 1220 Voce
191 1179 306 1236 quorum
319 1166 390 1222 salus
402 1165 490 1232 fluxit,
615 1163 737 1220 intuetur
744 1162 824 1233 jubar
838 1162 903 1218 soiis

106 1235 163 1290 Nox
176 1234 301 1304 recessit,
318 1243 345 1292 et
357 1235 444 1292 illuxit
649 1236 765 1291 Joannes
775 1233 787 1270 ⁵
799 1234 826 1289 in
842 1233 940 1307 aquila.

142 1304 187 1363 Sol
203 1307 340 1364 illustrans
352 1306 454 1364 omnia.

614 1388 661 1444 Est
673 1387 760 1442 leonis
772 1384 904 1458 rugientis

105 1456 204 1515 Curam
218 1459 412 1532 agenssnigre
432 1458 467 1527 is,
614 1459 706 1513 Marco
718 1458 821 1529 vultus,
833 1457 1000 1528 resurgentis

105 1530 199 1585 Pastor
212 1528 298 1586 bouus
310 1537 403 1586 auctor
414 1475 486 1602 iegis
650 1529 709 1596 Quo
724 1529 957 1611 oiaretpotentia:

141 1600 261 1668 Quatuor
278 1601 407 1668 instituit,
613 1599 686 1656 Voce
699 1601 785 1656 Patris
795 1599 808 1636 6
820 1605 952 1656 exortatus

106 1670 210 1739 Quadri
220 1672 292 1729 orbis
302 1672 334 1728 ad
349 1672 492 1743 medelam,
613 1671 707 1744 Surgit
719 1671 852 1734 Christus,
866 1673 999 1728 laureatus
1033 1731 1037 1739 ,

105 1742 497 1815 Formamjurisetoauteianr
649 1741 906 1814 Irnmortaliglorii.

139 1814 192 1871 Per
206 1830 273 1888 quos
285 1813 368 1871 scribi
381 1813 476 1871 voluit.

614 1891 651 1948 0s
663 1891 811 1949 humanum
824 1898 866 1950 est
877 1893 995 1952 Matthaei

107 1964 185 2023 Circa
197 1963 289 2022 thema
303 1966 440 2038 generale,
612 1964 643 2019 in
658 1963 776 2020 humani
787 1963 875 2020 sormi
888 1966 940 2022 Dei

103 2035 189 2092 Habet
199 2037 312 2110 quisque
324 2036 439 2108 speciale
648 2033 962 2108 Dictautis'prosapiam‚

138 2109 168 2166 Si
186 2107 204 2162 ii
218 2107 408 2180 priuilegium:
613 2104 695 2178 Cujus
706 2121 790 2179 genus
805 2107 846 2163 sie
860 2108 981 2165 contexit

103 2123 184 2246 0qu
212 2180 340 2251 raesignat
352 2179 381 2234 in
392 2177 548 2250 propheaa³
612 2176 689 2246 Quod
702 2195 716 2234 a
727 2177 811 2260 stirpe
825 2177 910 2234 David
923 2179 978 2236 exit

99 2195 210 2305 Formip
209 2249 298 2322 pietus
310 2248 359 2306 suh
371 2249 488 2306 discreta
612 2249 929 2307 Porcarnrsmateniam.

139 2321 233 2378 Vultus
250 2321 414 2378 animalium.

611 2401 706 2458 Riotus
717 2401 793 2459 bovis
807 2404 891 2460 Lucae
903 2401 981 2460 datur

101 2474 186 2545 Supra
197 2472 281 2531 coelos
293 2473 358 2530 dum
369 2473 538 2543 conscendit,
612 2473 642 2529 in
655 2475 707 2546 qna
716 2473 803 2530 forma
816 2475 945 2547 figuratur

134 2631 142 2662 ¹
154 2647 165 2675 o
177 2631 292 2683 Truncus
301 2640 448 2684 truncum.»
455 2633 489 2682 Le
500 2644 557 2704 pre·
581 2643 642 2693 ques
654 2637 720 2680 mots
732 2630 755 2679 la
774 2630 855 2680 vision
869 2630 995 2694 mistique
1007 2631 1042 2682 du
1122 2642 1124 2646 ⁴

99 2692 166 2744 miei
177 2693 208 2743 de
216 2708 256 2744 ees
268 2702 334 2745 mots
343 2702 380 2745 est
387 2693 557 2744 substantae
582 2694 703 2755 prophete
715 2707 721 2742 :
734 2712 746 2738 α
757 2693 822 2751 Quia
833 2693 865 2741 ab
877 2693 990 2742 humana
999 2705 1042 2756 ge·

97 2756 165 2818 sujet
176 2754 207 2805 de
227 2758 354 2820 «vexit»
370 2757 393 2808 le
411 2756 502 2806 second
520 2763 559 2806 est
581 2755 711 2804 uenatione
724 2754 808 2817 aoepit,
820 2755 879 2816 iure
896 2767 943 2817 per
959 2755 1041 2805 homi·

97 2817 203 2881 adjectii
211 2826 270 2869 etse
279 2825 395 2883 rapporte
405 2819 441 2866 a«
452 2824 556 2881 caput.»
582 2829 643 2866 nem
652 2815 916 2880 signaturMutthaeus.
924 2816 988 2876 Quia
996 2830 1042 2880 per

98 2882 146 2930 Les
156 2880 209 2930 seul
227 2887 297 2931 teurs
307 2889 333 2932 et
352 2882 388 2930 ies
400 2881 511 2943 peintres
522 2880 555 2929 du
580 2879 718 2928 clamorem
735 2879 762 2927 in
782 2878 894 2937 desorto,
911 2881 978 2929 reete
994 2892 1040 2943 per

96 2954 190 3006 moyen
208 2894 255 3006 Ege
268 2949 313 2994 ont
331 2943 476 3006 represent&
490 2942 556 2992 saint
580 2941 680 2990 leonem
699 2941 807 2990 Marcus.
817 2941 882 3000 Quia
893 2940 954 2990 vero
973 2955 1042 2992 asa·

96 3004 175 3053 Donis
194 3003 306 3067 decapite
325 3011 351 3056 et
365 3003 456 3056 tenant
467 3017 495 3053 sa
505 3003 556 3054 tete
579 3002 674 3052 orificio
690 3016 794 3052 exorsus
806 3008 853 3066 est,
868 3004 934 3053 bene
947 3018 992 3067 per
1003 3005 1042 3052 vi-

96 3067 161 3116 dans
176 3077 214 3115 ses
234 3068 326 3126 meins,
343 3080 393 3116 aux
412 3066 515 3131 portaiis
531 3072 556 3116 et
580 3065 664 3115 tulum
675 3065 763 3114 Lucas.
778 3065 893 3137 Denique
905 3065 965 3127 quia
976 3079 991 3115 a
1001 3065 1042 3115 di-

96 3128 161 3178 daus
178 3127 348 3179 lesrerrieres
365 3129 397 3178 de
414 3129 555 3179 noscathe·
579 3127 686 3176 vinitate
699 3127 775 3176 Verbi
794 3133 883 3190 eoepit.
900 3127 977 3191 digna
995 3141 1042 3191 per

96 3190 192 3240 duales.
579 3189 1008 3254 aquilamsignificaturioannes.»

129 3252 243 3302 ’Toutes
259 3252 295 3303 les
312 3258 363 3303 siro
381 3254 426 3303 hes
442 3255 473 3304 de
491 3257 556 3302 cette
612 3251 741 3301 ⁴«Molis.
754 3270 765 3295 a
778 3252 898 3313 sonasse,
916 3251 980 3300 livre
998 3265 1039 3313 rx,

94 3315 220 3378 sequence
238 3321 282 3364 ont
295 3315 317 3364 le
333 3268 417 3365 mgme
434 3314 556 3379 rhythmo
579 3327 604 3363 v.
618 3318 645 3362 15
657 3327 663 3361 :
674 3332 686 3357 a
699 3313 777 3363 Moles
792 3313 905 3376 corporis
920 3321 1044 3378 aggravat

93 3390 144 3440 que
158 3376 183 3426 la
192 3377 317 3440 premiere
326 3378 429 3440 stropha
437 3377 467 3428 de
479 3377 502 3426 la
512 3377 554 3426 st·
579 3375 701 3425 animam.
719 3394 730 3418 ι

92 3437 478 3562 querirnoniarn
492 3446 555 3551 tiis
580 3435 1042 3562 niiiiiiiiiiiiiiii{iti

91 3562 117 3613 le
124 3562 238 3628 chapitre
248 3536 316 3612 wne
324 3576 362 3612 ses
370 3539 555 3635 prophones-
612 3537 648 3607 ⁶¹«
664 3535 730 3611 Vooe
749 3535 848 3624 patris,'
859 3567 932 3612 eto.·
953 3537 1042 3629 Voyen

92 3623 295 3689 SuiutGrtgoire
310 3624 426 3690 explique
440 3639 472 3676 en
484 3624 553 3690 quel·
583 3637 648 3690 page
658 3627 714 3687 423,
726 3629 785 3672 note
795 3628 818 3674 3.

973 3831 1072 3997 Ut
