2566 4028
158 151 207 204 131
539 143 631 196 sanir
647 139 804 194 BERNARD.

164 250 228 307 lesu
240 248 369 320 stringam
382 243 509 318 vestigia,

165 322 200 376 lit
212 319 330 374 dendofi
363 333 391 374 m
405 316 486 388 iabia,

164 391 199 448 Ut
208 390 287 446 detur
296 389 334 445 mi
356 387 470 457 ivenia,

164 462 253 534 Atque
265 460 385 534 perfecta
396 460 488 534 gratia.

160 612 235 680 Iesu,
249 627 297 670 rex
309 610 474 669 admirabilis

162 685 198 740 Et
210 683 391 766 triumphator
401 679 500 740 nobilis

127 794 130 806 .
162 755 282 812 Duicedo
294 753 448 824 ineffabilis,

164 827 247 884 Totus
260 822 443 882 desiderabilis
448 841 458 895 3

165 977 395 1036 dianenoniscum
420 971 552 1042 Domine,

166 1051 201 1106 Et
213 1065 262 1106 nos
276 1049 382 1104 iliusna
396 1016 511 1128 iumine,

166 1117 486 1189 Puiednoctiscairgrne,

168 1192 286 1249 Mentem
299 1188 407 1263 replens
419 1183 575 1245 dulcedine.

170 1341 284 1410 Quando
297 1356 345 1398 cor
356 1346 481 1398 nostrum
495 1335 596 1400 visitas.

174 1414 252 1469 Tunc
264 1414 337 1469 lucet
347 1413 374 1469 ei
386 1412 495 1471 veritas,

175 1482 267 1539 Mundi
277 1482 382 1539 nitescit
391 1482 493 1537 vanitas

174 1555 210 1610 lat
222 1553 294 1609 intus
305 1552 391 1610 fervet
402 1550 529 1608 charitas.

670 241 746 298 lesus
759 233 1016 295 amordnicissimus
1079 285 1095 296 ,

670 313 706 370 Et
719 311 782 368 vere
795 307 980 369 suavissimus.

670 382 735 440 Plns
749 380 849 438 millies
858 377 1027 452 gratissimus

672 454 758 522 Quam
770 451 861 509 dicere
873 448 1033 506 sufficimus.

673 606 733 662 Hoc
745 603 841 678 probat
852 609 899 660 tna
926 601 1010 672 assio,

673 619 991 747 liocsanguiniscffusio,

673 750 727 804 Per
738 762 819 820 qnam
831 744 909 802 nobis
921 743 1084 816 Redemptio

674 819 758 876 Datur
771 817 878 890 Deiqne
891 816 969 873 visio.

671 969 764 1027 Jesnm
776 983 872 1025 omnes
882 967 1030 1042 agnoscite,

671 1041 764 1098 Jesnm
775 1040 903 1097 ardenter
916 1038 1042 1111 quarite,

676 1113 805 1170 Amorem
818 1112 876 1184 ejns
890 1112 1005 1182 poscite,
1101 1169 1109 1182 ¹

677 1181 831 1254 Quaerenda
846 1179 1021 1238 inardescite.

677 1335 723 1394 Sic
734 1341 869 1393 amantem
881 1334 929 1392 dili
949 1334 997 1406 te,

676 1407 786 1466 Amoris
793 1407 883 1465 sicem
896 1423 926 1464 re
946 1405 1014 1477 dite,

678 1480 709 1536 ln
719 1478 794 1535 hunc
809 1479 919 1536 odorem
929 1477 1031 1535 currite
1047 1479 1057 1517 ¹

679 1551 713 1608 Et
724 1546 808 1606 vota²
819 1551 888 1607 votis
898 1548 1014 1606 reddite.

542 1763 590 1813 m.
605 1763 654 1813 nd
668 1761 824 1818 renuam.

174 1931 263 1998 iesus,
275 1935 369 1988 auctor
382 1927 544 2000 clementie,

175 2002 271 2059 Totins
285 2018 347 2074 spos
359 2001 469 2072 laudae,

176 2072 301 2130 Duicoris
313 2073 374 2130 ions
386 2079 414 2128 et
428 2071 531 2144 gratiae,

176 2143 254 2202 Verae
268 2141 358 2200 cordis
367 2142 480 2200 delicie.

180 2294 269 2363 anrn
282 2292 295 2331 ³
310 2291 392 2364 digna
407 2290 481 2363 loqni
492 2306 626 2364 nequeam

179 2368 222 2422 De
235 2373 273 2437 ta,
284 2369 376 2420 tamen
386 2376 421 2416 ne
437 2363 531 2418 sileam

181 2438 266 2492 Amor
280 2432 345 2492 iacit
358 2438 389 2489 nt
400 2431 524 2503 audeam,

183 2507 274 2576 Quum
286 2504 342 2562 ⁴de
350 2509 378 2561 te
388 2504 477 2560 soldm
486 2503 626 2578 gaudeam.

183 2662 259 2732 Jcsn,
273 2660 311 2718 mi
320 2659 401 2726 bone,
417 2658 530 2718 sentiam

184 2732 293 2792 Amoris
306 2732 346 2790 tni
361 2732 466 2804 copiam
474 2749 482 2802 ;

184 2806 224 2862 Da
236 2803 305 2860 mihi
316 2819 365 2878 per
380 2802 549 2875 praesentiam

185 2875 270 2932 Tuam
280 2873 375 2930 videre
387 2873 511 2947 gloriam.

679 1926 744 1988 rua.
761 1924 838 1995 Jesn,
851 1922 975 1988 dilectio,
1068 1923 1075 1974 t

680 1997 762 2054 Grata
773 1996 872 2052 mentis
884 1993 1008 2066 refectio,

679 2068 779 2140 Replet
793 2068 851 2124 sine
864 2065 972 2122 fastidio

681 2140 753 2196 Dans
762 2136 864 2195 famem
873 2136 1021 2195 desiderio.

685 2292 737 2362 Qui
748 2299 776 2350 ta
789 2299 907 2366 gustant,
917 2290 1058 2364 esuriunt3

685 2364 739 2433 Qui
750 2363 858 2434 bibunt,
870 2363 959 2421 adhuc
971 2363 1068 2422 sitiunt
1081 2385 1088 2431 3

684 2435 844 2492 Desiderare
857 2435 994 2504 nesciunt,

685 2507 743 2564 Nisi
755 2507 848 2564 desum
864 2521 945 2579 quern
959 2506 1086 2579 cupiunt.

687 2657 774 2729 Quem
789 2665 852 2717 tuns
866 2675 944 2717 amor
951 2659 1049 2732 ebriat,

687 2731 768 2788 Novit
778 2731 843 2804 qnid
856 2729 938 2788 Jesus
950 2731 1067 2804 sapiat⁵.

689 2802 776 2871 Quam
790 2799 854 2860 felix
868 2809 911 2858 est
925 2819 1005 2886 quem
1017 2804 1116 2862 satiat!

688 2874 749 2932 Non
761 2879 803 2930 est
815 2876 883 2930 ultra
896 2874 962 2948 qnid
971 2874 1071 2948 cupiat.

221 3120 229 3151 ¹
248 3117 298 3169 «ln
309 3117 380 3168 huno
397 3113 502 3166 odorem
514 3113 647 3180 curtim»
668 3115 766 3178 Christ,
786 3115 984 3184 qnit'nagndre,
1000 3118 1064 3169 dans
1083 3117 1130 3171 des

189 3181 376 3232 attrahes-vous
392 3185 418 3229 et
428 3177 650 3230 conformes-vous
665 3180 785 3243 journees
798 3181 916 3244 nefastae,
927 3189 972 3232 ont
987 3181 1081 3244 inspire
1091 3196 1129 3232 nn

189 3245 205 3292 a
217 3244 261 3294 lni.

669 3243 743 3292 noble
756 3248 782 3293 et
798 3257 858 3293 conr
891 3257 940 3294 enx
955 3245 1129 3294 dononement.

222 3305 369 3355 'avota-
399 3303 455 3353 «Le
477 3302 527 3352 hon
548 3309 651 3366 pastenr
702 3305 858 3367 ³«anm,»
890 3305 998 3377 ianque,
1008 3306 1130 3369 quoique.

191 3365 274 3416 donne
293 3381 320 3415 sa
335 3366 376 3415 vie
394 3377 458 3428 pour
476 3377 515 3414 ses
533 3365 648 3416 brebis.»

701 3365 714 3397 ⁴
732 3367 871 3427 «Quum»
889 3380 1004 3438 puraque.

190 3425 649 3490 voa.1·Evan.nesarnaaean,cu.x,
703 3428 715 3457 ⁸
733 3429 832 3478 «Novit
850 3429 912 3490 qnid
935 3429 1006 3480 Jesns
1026 3430 1130 3494 sapiat·

190 3499 217 3534 v.
228 3495 255 3536 ta
274 3490 306 3536 Le
311 3490 385 3596 goete
395 3501 472 3537 asans
480 3488 555 3538 doute
561 3500 594 3537 en
601 3503 651 3538 vua

329 3550 406 3614 arms]
418 3549 517 3616 paroles
526 3547 558 3601 de
568 3547 651 3602 Josus-

191 3559 231 3596 088
251 3553 310 3597 10110

682 3496 805 3539 sons-ent.
818 3490 911 3553 «titani,
922 3491 941 3539 il
952 3493 1054 3543 connata
1061 3501 1133 3545 touta

681 3563 795 3602 asaneur
805 3551 836 3602 de
845 3551 918 3604 iesus
929 3553 1021 3605 Christ.
