2582 4028
404 151 560 215 CLAUDIUS
574 159 691 214 mantus
706 159 834 217 VICTOR.
1053 167 1104 224 tot

244 265 351 347 Edidit,
363 266 449 348 etqui
464 265 563 348 horum
577 272 722 328 eonserrat
737 286 850 350 corpora
864 265 965 332 nostris

190 351 195 360 '
244 346 412 430 Corporibus
426 354 506 407 nocet
517 345 577 428 ipse
590 345 690 427 liquor,
707 343 837 427 genitalis
851 347 980 414 alumnus

244 427 381 500 Piscibus,
396 427 455 509 ipsa
464 426 549 487 etiam
561 433 640 488 terrae
649 427 698 506 qui
709 428 833 507 germina
846 430 942 494 nutrit.

244 506 315 568 lline
327 507 453 568 volucres
470 523 592 588 quoque,
614 504 698 567 molle
712 523 812 587 genus,
835 516 941 572 traxere
959 509 1095 594 rigorem,

243 586 339 648 Namli
380 585 1098 674 idasdumsummanus,immissaquepomuman

243 666 304 728 Vita
317 688 349 728 su
371 669 404 744 it,
419 666 527 728 ferrent
539 665 627 726 multo
640 665 745 727 tumida
759 687 871 748 aequora
884 680 981 750 partu:
1084 737 1087 746 ,

242 745 301 808 Nee
314 747 381 808 satis
394 753 438 808 est
452 747 539 827 pisces
571 747 667 806 enus²
681 765 765 808 omne
778 767 937 830 exsurgere,
952 751 1083 836 quodque

242 825 413 908 squammea
426 825 507 887 turba
521 767 719 887 salosummes
730 827 821 889 evadit
832 828 862 888 in
876 830 975 906 undas,

241 905 277 968 Ni
288 906 407 968 volitans
419 905 448 965 in
460 905 553 986 aquis,
568 905 673 967 sensim
686 913 762 968 natet
775 907 878 970 ethere
890 929 974 992 puro,

242 985 523 1048 AEthereosvolueris
537 985 698 1067 contingere
710 986 790 1048 docta
803 1007 940 1054 recessus.
1040 1009 1093 1056 222
1140 1051 1148 1060 .

242 1065 315 1149 Ergo
329 1065 458 1128 materies
471 1064 623 1147 avibusque
635 1073 663 1128 et
673 1065 795 1148 piscibus
807 1087 863 1131 una
877 1078 930 1132 est.

283 1225 345 1286 lam
358 1225 402 1288 his
416 1231 494 1288 teme
506 1224 565 1288 dies
578 1224 652 1286 elam
666 1225 787 1289 radiabat
800 1226 827 1288 ol
847 1247 923 1310 mpo,

242 1305 333 1367 Tertia
346 1313 410 1388 post
422 1306 504 1368 eslidi
517 1305 649 1386 genitalia
664 1325 780 1368 munere
793 1247 860 1369 2212
871 1309 903 1370 ¹-:

241 1384 358 1468 Jamque
371 1393 468 1468 tepens
482 1387 563 1447 tellus
576 1386 704 1478 gravidos
718 1387 856 1450 laxaverat
868 1396 954 1464 artus,

242 1464 333 1536 Quum
346 1465 449 1547 majora
462 1465 570 1547 agitans
579 1466 662 1548 possit
675 1466 749 1528 Deus
763 1467 845 1530 edere
858 1477 960 1531 terram
1043 1489 1095 1536 225

242 1543 332 1607 Omne
344 1545 457 1619 animal,
470 1553 581 1628 vegetat
592 1546 661 1608 ratio
675 1546 751 1629 quod
764 1547 821 1609 sola
836 1549 966 1613 movendi
980 1571 987 1612 a

243 1623 294 1688 Cui
307 1626 410 1688 serviro
422 1625 528 1698 datum,
547 1645 707 1708 quomrum
721 1627 843 1709 postulat
855 1649 934 1693 usus.

240 1703 298 1766 Nee
309 1724 397 1780 mora,
409 1714 593 1788 prorumpunt
604 1705 666 1768 fetis
675 1706 768 1769 vitalia
780 1707 860 1769 terris

240 1784 373 1868 Pignora,
391 1805 509 1869 quasque
521 1786 565 1848 sui
579 1786 689 1870 generis
702 1786 798 1849 sortita
810 1787 925 1869 figuras.

282 1944 432 2024 Postquam
446 1950 545 2006 euneta
558 1943 637 2005 dutus
653 1941 806 2024 generatim
821 1942 934 2024 protulit
948 1943 1016 2008 ordo
1041 1965 1093 2011 aao

241 2021 320 2085 Veris
349 2023 410 2084 lena
424 2023 505 2085 bonis
517 2032 545 2086 et
560 2023 646 2084 multt
658 2023 722 2084 dote
736 2023 854 2100 referta,

240 2102 307 2174 Qum
362 2104 439 2165 usin
453 2104 565 2186 longam
576 2104 676 2165 seriem
692 2123 821 2166 mansura
835 2103 948 2178 foveret,

240 2183 352 2244 Auctori
383 2183 484 2245 erbella
495 2203 546 2245 suo
559 2193 619 2245 tum
631 2183 759 2246 maehina
773 2184 832 2246 visa
846 2192 898 2246 est.

239 2262 296 2324 Sed
306 2205 411 2344 quialid
423 2271 475 2344 ost,
489 2263 563 2346 quod
572 2263 693 2325 mundus
703 2275 770 2338 erat,
782 2264 856 2347 quod
867 2264 955 2326 sidera
966 2271 994 2326 st
1003 2273 1091 2342 ortus,

239 2343 413 2425 AEthersque
424 2350 453 2405 et
464 2343 584 2405 niueum
596 2344 721 2426 pelagus,
737 2354 873 2426 terrasque
886 2345 1016 2421 virentes,
1042 2365 1092 2409 aas

239 2421 300 2483 llis
320 2431 424 2485 eotator
436 2422 524 2499 adest,
540 2430 623 2485 tantae
637 2443 721 2506 quem
733 2425 819 2506 gloria
834 2424 915 2486 molis

240 2443 366 2585 Impleat,
381 2510 465 2586 atque
479 2503 567 2565 oeulis
579 2504 690 2566 avidum
705 2521 753 2586 per
767 2504 875 2585 singula
890 2505 994 2566 duoat?

241 2581 379 2653 Quorsum
392 2590 450 2644 122]
461 2584 510 2648 1211
523 2583 605 2658 lines,
620 2584 816 2666 possessioque
829 2583 931 2664 ampla,

241 2661 272 2722 si
285 2683 378 2725 rerum
392 2683 534 2755 possessor
548 2664 647 2725 abest?
660 2662 725 2724 Haeo
738 2677 827 2724 remor
837 2661 940 2745 olympi

239 2741 345 2804 Secum
358 2763 453 2806 animo
468 2761 590 2818 versans,
604 2749 632 2806 et
645 2741 727 2804 Verbi
739 2741 860 2824 pondere
875 2741 978 2806 librans
993 2767 1000 2804 ε
1042 2761 1093 2809 aso

244 2845 259 2882 a
274 2821 402 2884 Statdata
411 2835 520 2886 summa
532 2823 620 2908 operi,
632 2823 703 2884 bona
714 2831 780 2884 sont
789 2842 973 2906 quaeeumque
982 2829 1090 2888 creari:

240 2901 320 2965 Nune
332 2903 477 2966 hominem
490 2903 656 2978 fasianus*
670 2903 718 2977 ait,
733 2903 780 2985 qui
793 2911 891 2986 regnet
901 2903 930 2965 in
942 2904 1019 2986 orbe,

239 2982 275 3046 Et
285 2983 321 3046 sit
334 2984 427 3067 imago
437 2983 488 3047 llei
502 3007 509 3046 ε
525 2983 644 3047 similem
657 2983 736 3046 decet
747 3003 807 3046 esse
817 2985 931 3060 creanti,

178 3181 185 3212 ¹
211 3180 358 3246 «Liquidss
377 3181 599 3246 formatarum.»
673 3183 684 3214 ³
708 3202 720 3228 ι
740 3181 824 3233 Tertia
850 3199 862 3226 ι
887 3179 1092 3253 (sous-eruendo

147 3238 226 3294 donne
250 3257 302 3294 aux
321 3259 387 3296 eaux
406 3245 437 3295 de
456 3246 480 3295 12
500 3256 557 3295 mer
577 3244 602 3295 la
641 3243 897 3304 «diem-«Post
924 3242 1025 3294 enrtalra
1037 3254 1094 3290 mu-

147 3301 224 3358 torme
242 3307 303 3358 d'un
322 3309 375 3358 ears
395 3307 490 3358 anime.
508 3325 520 3351 a
536 3305 599 3358 For·
637 3307 780 3378 neresolis,
797 3308 894 3378 »apres
906 3257 930 3354 12
944 3303 1092 3354 bienlaitde

147 3374 219 3419 mat»
231 3370 397 3434 spoursujet
409 3387 421 3416 ι
432 3371 494 3420 rite.
507 3385 520 3414 »
636 3367 661 3418 12
672 3370 783 3420 creatron
792 3368 827 3419 du
837 3367 916 3429 soleat,
925 3377 1015 3418 souree
1024 3365 1059 3416 de
1068 3365 1093 3418 12

175 3429 187 3462 ’
201 3450 212 3476 ι
225 3433 311 3482 Genus
322 3445 429 3483 omne.»
443 3431 598 3496 Perapposi·
634 3431 677 3482 vie
685 3431 730 3481 des
737 3431 812 3482 tores.

146 3487 596 3622 {pne-pisnesrtaraoeentieredes
667 3493 825 3609 1261212212
846 3490 950 3556 Genese,
971 3490 1045 3558 olrap.
1071 3503 1093 3562 r,

177 3567 265 3610 mom·
469 3583 474 3592 '
577 3591 579 3596 ·
633 3570 659 3609 v·
706 3592 713 3608 e
879 3581 882 3590 ¹
1000 3581 1021 3614 ',
1098 3601 1103 3608 .
