2518 4042
342 287 549 392 onnon
599 289 672 396 DE
716 287 972 394 oonooln.

219 611 305 664 Pierre
323 614 354 663 de
373 614 470 665 corbeil
490 615 559 665 ensei
578 627 611 664 na
629 613 731 663 d'abord
750 613 775 662 la
792 613 917 675 theologie
933 611 996 663 dans
1008 612 1139 663 l'Univer-

188 674 236 724 site
254 675 285 724 de
303 677 381 738 Paris,
402 682 428 726 et
446 685 546 740 compta
560 629 683 726 dnnoeent
704 675 736 725 lll
750 689 782 724 au
799 675 904 725 nombre
916 675 947 724 de
962 689 1001 724 ses
1013 675 1139 737 disciples.

191 737 292 786 insuite
310 737 328 786 il
346 737 386 788 fut
403 741 505 789 nomme
527 739 736 788 suceessivement
755 738 849 800 e'reqoe
865 737 896 787 de
911 737 1028 787 Cambrai
1051 743 1078 786 et
1097 749 1141 784 ar-

191 799 319 862 oheveque
339 799 370 850 de
390 801 453 850 Sens
470 815 503 850 en
527 805 595 850 lloo.
618 799 652 849 Ce
673 799 764 862 prelat,
779 800 878 849 illustre
897 812 943 862 par
958 813 986 848 sa
1006 798 1104 848 soienoe
1115 804 1141 847 et

190 873 238 922 par
255 875 282 910 sa
300 861 375 924 piete,
394 870 499 912 mourut
518 863 541 914 le
564 870 578 913 3
595 862 654 928 juin
677 865 750 922 1222,
768 862 807 911 six
824 875 869 911 ans
886 863 959 926 apros
975 861 1000 911 la
1018 865 1089 910 mort
1106 859 1141 910 du

190 924 272 985 grand
288 937 351 987 pape
367 937 412 975 son
429 925 509 975 elene.

582 1276 752 1340 Trlnltnn'.

193 1416 341 1489 Trinitas¹,
357 1416 455 1493 deitas3
468 1415 559 1476 unitas
571 1424 683 1476 aeterna.

194 1497 333 1578 lllajeslas,
349 1505 478 1576 potestas,
496 1497 583 1574 pietas
598 1512 728 1574 superna.
778 1570 784 1581 .

193 1576 256 1644 Sol,
273 1577 368 1636 lumen
381 1586 408 1636 et
422 1593 537 1639 nornen.
555 1594 699 1643 cacumen,
717 1577 826 1632 semita.

196 1656 284 1737 Lapis,
302 1675 392 1727 mons,
409 1653 583 1736 petralem,
600 1653 716 1721 flumen,
734 1669 802 1731 pons
819 1657 848 1710 et
860 1647 926 1710 vita.

194 1736 235 1798 Tu
257 1740 361 1807 ³sal0r,
386 1743 504 1808 creator,
529 1743 642 1805 ornator,
674 1731 844 1812 redemptor,
881 1731 1000 1791 salvator
1035 1729 1142 1811 luxque

255 1837 284 1876 er
305 1824 377 1876 etna.
623 1866 628 1874 ,

184 1835 324 1957 dupluddr
338 1903 365 1956 el
378 1895 471 1968 decor,
488 1903 518 1956 lu
532 1893 644 1966 candor,
661 1900 690 1953 lu
706 1891 877 1974 splenderet
891 1890 959 1953 odor
973 1910 1029 1972 quo
1044 1889 1143 1951 vivunt

236 1985 355 2036 mortua.
892 2037 898 2043 ,

193 2057 235 2118 Tu
250 2065 344 2116 vertex
357 2061 385 2116 et
398 2075 485 2136 apex,
501 2073 599 2136 regum
611 2073 673 2126 rex,
688 2051 783 2134 legum
804 2055 848 2116 lex
863 2063 892 2116 et
904 2050 1022 2124 vindex,
1039 2058 1070 2111 lu
1094 2051 1142 2112 lux

234 2135 367 2216 angelica.
589 2135 593 2142 ’

194 2214 283 2286 Quem
297 2215 426 2286 clamant,
442 2214 574 2286 adorant3
587 2233 670 2294 quem
685 2213 810 2294 laudant,
824 2233 907 2296 quem
922 2218 1045 2286 cantant,
1056 2229 1141 2293 quem

235 2303 328 2353 amant
341 2295 451 2373 agmina
466 2293 574 2355 eoelioa.

195 2374 257 2434 Tn'·
271 2372 362 2432 Theos
382 2378 411 2432 et
433 2372 526 2444 heros,
541 2372 617 2433 dives
639 2374 703 2446 flos,
718 2375 813 2436 vivens
835 2394 892 2444 ros,
907 2392 972 2454 rege
985 2391 1049 2444 nos,
1066 2369 1142 2432 salva

234 2472 296 2522 nos
313 2451 415 2532 perduc
430 2471 480 2511 nos
494 2451 527 2511 ad
543 2452 656 2514 thronos
670 2474 784 2534 superos
798 2461 826 2516 el
839 2473 900 2515 vera
915 2451 1026 2533 gaudia.

195 2533 235 2594 To
256 2531 339 2592 decus
354 2537 382 2592 et
396 2530 493 2606 virtus,
508 2541 537 2591 tn
558 2532 648 2612 justus
662 2542 689 2594 et
703 2554 794 2610 verus,
808 2545 838 2594 to
857 2541 968 2594 sanetus
989 2538 1017 2592 et
1039 2530 1141 2611 honos,

233 2622 264 2674 tu
278 2619 369 2672 rectus
383 2617 412 2671 et
423 2631 550 2672 summus
564 2611 710 2687 DorninuS,
725 2614 775 2675 tibi
789 2614 825 2675 sit
838 2612 933 2696 gloria.

226 2823 233 2852 ¹
258 2824 291 2874 Le
314 2826 456 2876 «Trinitas
481 2845 492 2871 a
516 2827 579 2878 ainsi
605 2841 654 2890 que
682 2829 839 2879 cathedrales
859 2829 892 2878 du
913 2829 1076 2894 moyendge,
1095 2829 1145 2879 ella

193 2897 238 2934 son
266 2900 326 2937 norn
364 2888 504 2951 limique,
534 2897 572 2940 est
604 2903 654 2940 une
683 2891 808 2953 produisit
819 2892 862 2941 des
874 2891 946 2940 eilats
959 2892 1087 2942 rrairnent
1103 2905 1146 2954 po-

195 2946 326 3018 doxologie
356 2965 387 3000 en
415 2952 548 3001 l'honneur
575 2953 605 3002 de
629 2953 653 3000 la
682 2953 795 3015 pulaires
820 2961 846 3003 et
872 2953 1020 3003 saisissants.
1049 2953 1146 3016 Depuis

194 3017 274 3058 sainte
309 3013 423 3073 Trinite;
449 3015 508 3062 e'est
538 3028 588 3064 nne
613 3027 654 3063 ae·
683 3015 721 3063 six
742 3023 812 3066 cents
832 3029 886 3076 ans,
908 3029 936 3065 ce
959 3015 1145 3066 chef-d'oeuvre

194 3074 348 3124 cumulation
365 3075 521 3137 d'epitlretes,
543 3077 573 3125 de
593 3090 652 3139 qna·
681 3078 712 3125 de
733 3077 835 3137 lyrisme
855 3078 916 3126 erait
937 3078 1021 3128 ooblie
1038 3079 1102 3126 dans
1120 3078 1144 3128 le

96 3153 100 3162 .
194 3131 327 3185 lineations
354 3139 532 3197 majeslueuses
561 3146 587 3188 et
610 3151 652 3187 so·
682 3139 802 3201 dyptiqne
820 3154 852 3189 en
869 3140 948 3189 iroire
967 3140 998 3189 de
1011 3140 1036 3188 la
1048 3139 1145 3189 Biblio-

194 3207 269 3245 nores
289 3199 364 3248 tirtes
385 3201 428 3248 des
446 3201 538 3248 saintes
556 3201 654 3249 Eeritu·
681 3201 774 3262 tneque
784 3202 815 3252 de
826 3203 896 3260 Sens,
907 3202 963 3252 d'oo
974 3215 1039 3252 nous
1047 3203 1146 3252 l'asons

193 3270 250 3319 res;
270 3259 330 3310 c’est
349 3275 384 3310 un
400 3261 436 3309 cri
455 3261 654 3312 d'enthousiarne
683 3263 739 3313 tire.

193 3320 363 3390 etld’emour.
391 3326 460 3372 l'ette
488 3324 651 3387 composnion
715 3325 786 3374 ²Les
805 3334 894 3388 quatre
911 3326 1146 3390 premiersrersets

192 3384 316 3444 originale
344 3398 369 3433 se
398 3385 524 3449 distingne
552 3393 652 3436 surtout
682 3388 945 3451 ontdonzesyllabes.

193 3457 239 3504 par
248 3445 271 3492 la
281 3447 367 3496 trinite
378 3448 531 3510 perpetuelle
541 3448 584 3496 des
595 3461 652 3498 sons
715 3452 726 3481 ⁸
745 3451 790 3498 Les
808 3458 898 3512 quatre
916 3457 1012 3500 versets
1029 3450 1147 3502 suivant!

191 3513 216 3554 et
228 3505 271 3556 des
283 3508 398 3570 syllabas,
410 3517 435 3558 et
448 3523 492 3569 nar
505 3523 532 3558 sa
543 3510 650 3560 division
681 3517 726 3562 ont
738 3512 810 3575 vingt
821 3519 847 3562 et
860 3526 908 3562 une
919 3511 1036 3576 syllabes.

192 3580 225 3616 en
249 3582 358 3633 groupes
385 3571 516 3621 ternaires.
540 3573 652 3622 Chantee
715 3575 795 3623 *Les
817 3574 883 3624 deux
907 3574 1021 3624 derniers
1047 3581 1148 3626 versata
1244 3571 1245 3628 j

194 3641 252 3678 sous
264 3630 300 3682 les
308 3633 397 3682 volites
406 3633 436 3682 de
448 3647 494 3685 nos
502 3633 654 3686 admirantes
683 3641 812 3699 temptant
822 3636 981 3688 trente-trois
992 3636 1111 3700 syllabas.
