2566 4028
573 169 579 176 ’
624 208 746 258 imum.

315 389 378 436 ffl.
394 387 1002 511 Dfflffiss'lggffiffiffiffl,
1033 388 1138 438 flaht-

299 589 462 673 Hancregat
471 591 647 673 omnipotens
660 591 777 653 Michael
790 589 832 652 An
868 592 913 652 lus
927 611 1015 663 uam,

338 669 394 730 Per
407 691 491 751 quem
502 673 511 701 ¹
523 670 613 732 victus
623 679 682 732 erat
695 669 836 752 pertidus'i
857 669 974 744 edraoo,

297 747 333 808 Et
344 749 439 826 procul
453 751 558 830 ejectis
567 751 641 811 celso
653 750 689 812 de
699 750 821 811 culmine
829 749 902 822 coeli,

338 828 391 898 Qui
405 829 518 908 cidpare
533 830 630 910 cupit²
645 829 754 910 semper
765 829 794 890 in
806 829 872 890 orbe
885 831 956 910 pios.

296 906 426 988 iungitur
439 907 504 968 huic
516 909 627 970 Gabriel
638 908 973 982 sociusvenerabilisarae‚
1116 928 1148 971 oo

335 986 389 1056 Qui
403 987 505 1048 virtute
519 989 564 1069 pic
575 988 663 1070 fulget
676 990 704 1050 in
719 1009 781 1050 arce
792 989 860 1070 poli,

296 1065 381 1147 Cujus
396 1065 430 1127 ab
441 1087 490 1128 ore
501 1088 579 1129 sacro
593 1068 691 1130 mundi
721 1088 833 1129 onerare
845 1067 974 1130 salutem*

335 1145 479 1217 AEternom
491 1147 586 1209 didicit
596 1149 673 1230 virgo
712 1148 766 1209 aria
781 1147 881 1209 iteum.

296 1224 413 1291 Additur
424 1227 470 1288 his
483 1227 605 1308 Raphaci
617 1229 711 1288 oculos
723 1228 771 1306 qui
784 1227 855 1288 forte
866 1226 959 1288 Tobiae

335 1303 448 1367 Sanavit
465 1329 471 1363 :
489 1316 586 1367 natum
597 1307 676 1368 duxit
690 1315 718 1368 et
731 1306 778 1366 iile
791 1326 885 1368 suum.
1114 1325 1147 1372 7o

295 1383 352 1444 Hos
365 1391 421 1444 tres
434 1385 480 1444 hic
492 1386 619 1456 precibus
629 1386 730 1446 nostris
740 1386 847 1446 adstare
860 1405 1016 1466 precamur,

332 1463 435 1525 Audiat
444 1473 476 1523 ut
487 1463 606 1525 farnuios
618 1463 743 1527 Christus
753 1465 787 1526 ab
798 1485 860 1526 arce
870 1485 946 1528 suos.

304 1653 306 1657 V
348 1676 428 1725 vul.
443 1678 590 1726 conseris
608 1680 657 1726 du
672 1683 767 1740 poete
785 1678 983 1739 aulones
999 1691 1091 1740 qens.

295 1851 396 1930 Surge,
410 1869 517 1930 precor,
530 1851 653 1932 juvenis,
669 1851 761 1932 vigeas
775 1849 842 1910 dum
853 1869 967 1930 corpore
980 1867 1058 1922 sano,

294 1931 329 1990 Et
341 1929 389 1991 tibi
399 1931 489 2012 pande
500 1932 572 1992 viam
582 1930 724 2014 precibus⁸
736 1929 769 1991 ad
785 1939 858 1990 astra
869 1929 1008 2011 potorum,

292 2009 350 2069 Ncc
361 2009 470 2072 dederis
484 2030 582 2072 sensus
593 2015 659 2084 tota,
676 2031 753 2091 rogo,
767 2017 847 2069 nocte
857 2009 960 2093 sopori.
1111 2023 1143 2070 75

291 2087 428 2161 Assiduus
442 2089 540 2170 gelidae
552 2110 667 2152 somnus
681 2099 723 2150 est
737 2090 833 2149 mortis
845 2089 947 2170 imago.

289 2166 386 2248 Longa
397 2169 729 2249 quiescendifacienttibi
740 2168 830 2230 factat
843 2169 999 2249 sepulcrum
1016 2191 1024 2228 z

291 2246 370 2305 Artes
385 2267 448 2307 narn
460 2247 549 2308 hostis
558 2248 643 2308 habet
656 2248 787 2328 antiquus
797 2247 873 2308 mille
885 2248 1012 2309 nocendi.

291 2323 411 2404 Pervigil
423 2325 524 2386 idcirco
539 2345 673 2409 magnum
685 2326 734 2389 tibi
744 2327 831 2390 conde
844 2327 1028 2409 triumphum,

290 2401 326 2464 Ut
337 2403 378 2486 pia
389 2411 417 2466 te
428 2403 530 2466 Christi
541 2413 686 2468 conservet
698 2406 808 2470 dextera
819 2427 939 2490 semper.
1111 2431 1144 2477 oo

474 2621 526 2668 ΙΧ.
542 2621 654 2671 Prtere
669 2624 814 2684 pendant
825 2624 861 2671 ln
875 2623 957 2673 nult.

288 2788 340 2857 Qui
351 2789 458 2868 placido
473 2791 502 2852 in
514 2793 599 2874 puppi
612 2791 741 2873 carpebat
756 2753 863 2873 pectore
878 2812 1019 2866 somnum,

368 2868 527 2950 Exsurgcns
540 2871 629 2932 ventis
639 2871 756 2954 imperat
766 2877 793 2934 et
804 2873 913 2954 pelago,

112 3133 116 3141 ,
224 3104 316 3152 'aPer
342 3115 401 3152 uem
424 3105 650 3156 etc.»SaintJean
681 3108 718 3158 vit
745 3109 801 3158 iilos
821 3115 880 3160 ante
905 3113 1067 3171 conspectum
1099 3107 1146 3160 oei

191 3181 206 3214 a
219 3166 315 3216 retract
325 3115 389 3216 dans
403 3137 594 3238 i’Apocolppse3
608 3169 649 3217 ch.
680 3170 759 3219 nostri
769 3170 810 3220 die
820 3185 850 3222 oc
863 3175 947 3240 nocte..
964 3188 976 3214 υ

191 3241 235 3281 xu.
260 3228 284 3278 le
307 3225 407 3278 oomhat
424 3225 455 3276 de
476 3235 544 3278 saint
558 3229 650 3280 Michel
712 3232 885 3283 “cPrecibuc
899 3229 1007 3282 »uncle
1026 3233 1143 3300 atloogte

190 3295 278 3338 contre
288 3291 311 3338 le
321 3281 421 3340 ddmon.
696 3303 725 3338 ar
741 3291 766 3339 la
784 3293 879 3344 occure.
892 3293 912 3341 11
923 3305 955 3342 en
966 3300 1005 3343 est
1013 3295 1045 3344 de
1056 3296 1142 3348 mdmo

222 3350 234 3380 ²
249 3369 259 3393 u
273 3350 320 3417 Qui
345 3348 447 3411 culpare
465 3348 544 3411 cupit,
564 3356 612 3398 etc.
634 3366 657 3393 »ν
678 3305 708 3397 de
736 3351 760 3398 la
776 3349 853 3402 finale
867 3356 898 3403 de
911 3363 1038 3406 «somnus
1050 3375 1061 3401 ι
1072 3357 1141 3410 doux

189 3409 260 3458 Soint
275 3411 346 3464 teau.
357 3409 523 3472 Apocolppre,
540 3409 581 3457 ch.
601 3423 646 3472 xri,
677 3423 734 3458 vers
746 3410 802 3470 plus
813 3413 875 3463 loin,

149 3481 154 3488 ·
173 3479 213 3514 ¹v.
229 3473 276 3517 10:
290 3472 440 3532 «projectus
459 3475 497 3520 cst
518 3474 647 3518 accusator
708 3469 718 3500 ⁴
734 3488 744 3512 α
760 3469 854 3534 Longa,
865 3483 927 3539 eto„
946 3496 959 3521 ι
979 3478 1011 3530 de
1032 3479 1141 3545 langueo

187 3526 299 3579 fratrum
321 3540 473 3594 nostrorum,
486 3533 528 3594 qui
542 3541 643 3580 accusa·
675 3528 766 3579 heures
784 3529 894 3584 donnecs
908 3551 940 3588 ou
952 3541 1083 3592 sommetl.
