2518 4042
406 211 497 260 SlllNT
514 209 759 262 Beneventuml.
1018 205 1062 258 stt

293 309 402 371 Clamas
415 329 501 388 ergo:
518 309 673 386 «Domine,
688 308 775 372 duleis
788 309 960 395 praedicator,
1020 357 1023 360 -

293 388 412 450 Erulum
426 388 576 470 refugium,
590 408 742 472 pauperum
761 399 877 464 amator,

294 467 347 539 Qui
362 488 392 530 es
407 469 602 549 poenitentium
615 469 678 552 pius
694 469 860 547 consolator,

295 548 361 610 Post
375 555 402 610 te
416 548 519 611 debent
532 567 641 611 currere
651 549 741 631 justus
753 557 781 613 et
789 556 929 632 peccator.
993 629 996 634 ,

294 733 365 796 lusti
375 733 478 818 quippe
491 733 595 815 regula,
609 733 672 796 vitae
686 753 716 796 es
728 732 861 809 doctrina,

295 814 472 876 Peoeatorum
487 815 641 894 speoulum‚
656 813 723 874 mira
736 813 890 897 disciplina,

296 893 390 956 Fossis
404 900 432 955 et
445 893 581 956 debilibus
595 893 693 956 efficax
705 893 809 966 resina,

296 973 388 1055 AEgris
401 979 428 1036 ot
440 972 636 1055 languentibus
648 980 745 1056 potens
758 973 908 1038 medicina.

297 1158 406 1220 Primus
420 1157 449 1219 in
461 1158 515 1220 hoo
527 1158 628 1220 saeoulo
639 1157 779 1220 charitatis
790 1158 913 1221 scholam

298 1238 475 1309 lrrstaurasti'
485 1257 608 1321 quaerere
621 1237 723 1300 doeens
735 1239 786 1300 Dei
798 1239 885 1300 solam

297 1319 429 1392 Gloriam,
444 1319 582 1400 deponere
595 1338 707 1399 gravem
722 1318 819 1380 mundi
833 1318 936 1386 molam
948 1324 970 1391 ¹,

297 1398 332 1460 Et
343 1397 384 1459 sio
395 1417 477 1480 posse
487 1397 622 1480 perditam
637 1396 768 1460 rehabere
779 1404 790 1436 ¹
802 1398 912 1462 stolam.

299 1585 356 1648 Sed
368 1585 439 1647 hano
453 1585 575 1647 sobolam
587 1593 693 1648 temere
703 1584 824 1646 mundus
835 1582 974 1657 irridebat,

298 1666 318 1727 S
339 1686 438 1728 eruens
450 1675 478 1728 et
490 1665 646 1727 annihilans
659 1664 792 1747 quidquid
804 1663 981 1747 promittebat
992 1667 1003 1702 ⁸
1013 1685 1023 1737 ς’

323 1765 359 1808 oa
373 1765 439 1806 vero
452 1745 561 1807 bonitas
573 1745 646 1807 vices
658 1765 716 1807 non
728 1744 868 1816 reddebat,

301 1827 359 1888 lmo
378 1825 575 1908 poenitentibus
595 1831 685 1886 totum
705 1825 874 1905 ignoscebat.

302 2004 410 2094 Quippe
427 2003 471 2065 oui
488 2003 631 2085 proprium
643 2009 701 2064 erat
712 2002 849 2075 misereri,

303 2083 386 2166 Diligr
402 2083 571 2156 desiderans,
595 2083 682 2163 magis
702 2085 785 2163 quim
806 2081 908 2161 timori,

199 2180 202 2185 ’
303 2163 360 2226 Sed
380 2163 461 2224 verba
482 2182 539 2225 non
560 2162 673 2226 verbera
689 2161 841 2244 proferens.
862 2159 964 2226 austeri

303 2243 483 2325 Praeeeptoris
503 2242 594 2305 noluit
614 2262 691 2304 more
708 2242 837 2304 revereri.

289 2425 369 2494 *llam
384 2431 413 2492 in
431 2429 565 2493 adulterio
583 2431 660 2493 novit
676 2429 859 2512 deprehensa,

304 2511 393 2583 Quem
407 2511 444 2572 sit
457 2518 504 2572 tua
523 2511 609 2592 pietas
629 2510 734 2572 soilioet
750 2511 898 2571 immensa.

302 2591 469 2673 Magdalena
487 2589 573 2652 sensit
585 2591 649 2667 boo,
667 2609 755 2670 quum
773 2589 799 2650 ei
815 2589 921 2649 offensa

303 2671 352 2733 Est
369 2670 494 2740 dimissa,
519 2668 662 2752 multiplex
683 2669 771 2750 gratia
790 2669 927 2750 impensa.

305 2857 340 2919 Et
358 2854 534 2939 quid-multa
554 2853 691 2915 dicerem?
707 2860 775 2934 quot
793 2859 858 2914 sunt
876 2849 1015 2914 consecuti

306 2937 374 3029 Ejus
388 2935 593 3016 magisterium,
611 2955 626 2994 a
640 2933 698 2996 suis
711 2932 797 2994 abluti

194 3043 209 3074 s.
304 3017 473 3090 Vitiosum,
488 3013 612 3076 moribus
628 3013 740 3096 optimis
753 3012 864 3086 imbuti,

303 3096 339 3159 Et
352 3096 386 3157 ab
401 3095 489 3157 hostis
503 3094 588 3156 invidi
599 3092 695 3156 fraude
708 3093 774 3155 laeti
787 3093 840 3155 tuti
852 3093 859 3154 !

164 3415 173 3444 ⁸
193 3405 418 3469 «Mundimolam
435 3425 446 3449 r
465 3403 518 3455 doit
526 3402 591 3454 s'en-
620 3408 727 3453 tourner
748 3401 773 3450 la
792 3398 878 3450 meula
893 3399 943 3448 aux
961 3397 1089 3454 esclaves„

130 3473 220 3528 tendre
232 3473 264 3524 ioi
275 3471 306 3521 de
316 3469 464 3530 l'esolavape
475 3467 509 3517 du
520 3478 591 3517 mon·
651 3465 663 3495 ²
681 3483 693 3510 a
706 3462 844 3517 Rehabere,
858 3479 870 3506 ι
884 3472 1033 3512 reoouurer.

130 3538 172 3600 de,
194 3549 240 3601 par
259 3531 367 3584 allusion
388 3531 404 3580 a
426 3531 451 3580 la
472 3535 591 3580 ooutume
651 3527 692 3570 ⁸«
715 3523 890 3576 promittebat.
921 3541 933 3569 ι
958 3523 1082 3574 Sousou-

131 3598 277 3663 qn'avaient
296 3595 333 3646 les
351 3593 454 3644 enciens
475 3591 506 3642 da
529 3590 592 3641 taire
621 3588 701 3640 tendo
714 3608 726 3634 ι
741 3588 795 3638 heo
806 3585 899 3637 schola.
913 3604 927 3630 ι
