2518 4042
408 189 502 242 sutus
518 189 761 240 uoutvuuuuuu.

278 289 325 352 sio
337 297 465 374 quassato
476 311 579 376 organo
591 289 674 371 hujus
687 289 868 363 Philumenae,

276 369 375 433 Rostro
391 378 486 432 tamen
496 371 631 453 palpitans
643 369 676 431 fit
686 371 833 452 exsanguis
846 371 928 452 pene.

276 449 333 511 Sed
352 449 506 512 adnonam
527 450 642 512 veniens
660 449 776 512 moritur
792 450 850 530 jam
873 449 966 532 plene,

276 529 368 600 Quum
387 530 470 592 totius
493 531 616 612 eorporis
636 527 831 612 dirumpuntur
847 549 936 592 venae.

274 736 356 812 ane,
370 736 560 812 dilectissime,
577 738 697 800 breviter
707 738 806 800 audlsti

274 817 389 880 Factum
405 817 487 899 hujus
501 818 620 881 volucris
635 842 641 878 :
657 818 706 880 sed
721 819 745 880 si
763 818 925 893 meministi,

273 896 398 959 Diximus
417 897 475 978 jam
495 898 633 980 primitus,
650 898 715 1038 unia
731 906 827 960 oantus
846 898 891 960 isti

273 977 386 1059 Mystioh
401 978 571 1040 conveniunt
590 978 645 1060 legi
678 997 727 1040 esu
749 977 862 1042 Christi.

271 1187 378 1262 Restat,
392 1197 424 1251 ut
437 1188 574 1272 intelligo,
594 1208 654 1251 esse
676 1188 880 1264 Philumenam,

270 1269 400 1330 Animam
413 1269 559 1332 uirtutibus
571 1275 599 1330 et
616 1287 710 1331 amore
725 1269 848 1351 plenam,

270 1349 338 1420 Qum
356 1349 423 1411 dum
435 1356 529 1410 mento
547 1356 673 1440 peragrat
694 1349 809 1430 patriam
831 1368 982 1426 amoenam,

270 1428 343 1490 Satis
361 1427 552 1491 delectabilem
567 1437 636 1491 texit
651 1429 826 1492 cantilenam.

287 1641 330 1703 Ad
347 1650 527 1725 augmentum
545 1643 650 1704 etenim
662 1663 719 1705 suae
737 1645 919 1726 suumomni,
943 1631 952 1652 '

290 1720 423 1792 Quaedam
443 1723 501 1784 dies
516 1724 629 1806 mystica
648 1722 853 1786 demonstratur
871 1725 919 1787 ei:

290 1802 375 1864 Porro
398 1801 542 1874 beneficia,
563 1822 626 1884 quae
641 1801 676 1864 de
692 1823 777 1864 manu
792 1803 842 1864 Dei

289 1880 378 1943 Homo
393 1890 556 1943 consecutus
575 1892 627 1955 est,
647 1891 712 1944 sunt
733 1883 808 1944 horae
832 1883 898 1946 diei.

288 2093 371 2156 lllane
385 2093 428 2156 rol
448 2093 602 2155 diluculum
618 2093 739 2157 hominis
760 2101 802 2157 est
823 2101 920 2170 status,

286 2175 392 2258 loquo
414 2173 574 2235 mirabiliter
594 2173 679 2236 homo
702 2184 745 2236 est
764 2182 888 2250 oreatus;

285 2253 359 2315 Hora
377 2255 475 2335 prima,
492 2253 603 2336 quando
619 2262 661 2316 est
680 2253 753 2315 lleus
770 2255 945 2326 incarnatus:

286 2334 405 2396 Tertiam
421 2332 465 2395 dio
486 2334 605 2416 spatium
629 2334 673 2395 sui
687 2333 852 2397 incolatum.

283 2549 398 2613 Sextum
418 2569 505 2632 quum
529 2569 545 2611 a
566 2547 678 2631 perfidis
699 2548 786 2611 voluit
807 2548 898 2631 ligari,

285 2629 378 2703 Trahi,
398 2630 477 2703 oaedi,
494 2629 619 2712 oonspui,
642 2627 700 2690 dire
716 2628 843 2703 cruciari,

283 2709 425 2790 Cmeilrgi,
443 2708 564 2790 denique
586 2709 669 2769 elaris
687 2703 829 2786 terebrari,

284 2791 428 2872 Caputque
448 2789 654 2851 sanctissimum
673 2788 760 2870 spinis
782 2787 917 2849 ooronari.

281 3005 390 3067 Nonam
409 3003 453 3066 dio
473 3025 560 3085 quum
578 3004 704 3078 moritur,
717 3003 829 3085 quando
850 3010 1060 3068 consummatur

280 3086 385 3149 Cursus
404 3093 448 3146 est
469 3085 639 3164 certaminis,
659 3085 769 3162 quando
791 3092 937 3166 superatus

279 3166 329 3228 Est
345 3165 462 3228 omuino
480 3163 600 3236 zabolus,
621 3172 649 3226 et
669 3163 735 3226 hino
755 3164 944 3226 conturbatus

278 3243 415 3329 Vespera¹
428 3265 515 3326 quum
533 3243 658 3307 Christus
680 3254 722 3307 ost
742 3245 891 3328 sepulture
908 3243 1000 3310 datur.

139 3522 146 3551 ¹
169 3521 329 3584 eiaculatus,
343 3541 354 3566 ι
369 3521 570 3587 riatemporolle
627 3520 668 3565 ἰ
692 3521 812 3586 Vespera.
836 3539 848 3567 ι
871 3521 1059 3573 souseutendu

104 3583 136 3636 na
150 3582 327 3636 tesuoChrist.
597 3603 608 3632 r
623 3589 669 3632 ost.
687 3603 699 3626 o

189 3686 195 3692 '
883 3672 932 3734 30.
