2566 4028
533 131 754 192 rnnooonvnn.
1073 148 1120 196 aee

266 239 326 323 lpse
340 240 423 304 liodt¹
438 241 534 304 sedeas
543 242 662 333 gemmis
678 248 790 303 ornatus
802 247 830 303 et
843 249 930 319 ostro,
1084 259 1117 306 ⁸5

305 321 372 382 Post
384 322 472 382 oannis
486 321 613 400 putridus
631 329 754 401 tempora
769 322 858 402 pulvis
869 323 934 384 eris.

265 398 319 462 Cor
338 422 371 462 us
384 401 459 462 enirn
474 400 548 462 suivo
563 401 636 482 quod
649 420 723 462 nuno
737 401 890 483 aecingitur
902 422 969 463 auro

347 481 450 541 ualenti
463 480 597 542 inteotum
611 490 688 542 veste
700 489 840 564 premetur
859 481 955 542 humo.

267 501 346 630 Quod
361 561 467 632 mare²‚
477 560 552 639 quod
561 570 650 632 terrae,
661 560 734 641 quod
748 568 776 621 et
787 580 834 622 aer
842 570 931 642 gestat
941 561 1091 634 edendum,

305 638 404 700 Eheu!
420 638 577 702 sordidulus
591 647 655 731 post
670 639 739 700 cinis
754 640 821 700 illud
837 643 898 702 erit.
1084 660 1118 706 eo

266 718 412 800 Quemque
425 727 522 796 tegunt
532 718 613 780 oelsrs
626 719 751 799 laqueata
761 719 859 800 palatia
873 721 964 792 tectio,

306 798 465 891 Parvaque³
477 799 654 877 conquereris
666 799 786 860 culmina
799 819 898 880 magna
907 801 984 873 satis,

267 876 382 941 Clausus
399 898 427 938 m
445 884 560 958 angusta
577 878 740 960 modicaque
753 879 892 941 teneberis
909 885 978 941 urnd

307 956 413 1038 Vixque
427 957 546 1018 domusr
558 957 666 1019 tibimet
678 978 792 1038 corpore
806 955 893 1038 major
902 961 964 1022 erit.

265 1035 348 1098 Plura
363 1037 429 1117 quid
444 1038 694 1098 enumerem?visu
706 1039 780 1119 quod
793 1040 1035 1123 cernituraptum,
1084 1057 1118 1104 95

306 1115 415 1178 Visibus
429 1116 558 1178 humanis
572 1117 646 1198 quod
660 1117 731 1178 favet
742 1127 825 1198 atque
838 1119 937 1210 placet,

266 1197 335 1257 Post
347 1197 430 1257 vitam
443 1197 556 1276 vermis,
567 1206 629 1278 post
638 1217 762 1258 vermem
794 1199 864 1258 ulvis
874 1197 996 1272 habebit,

306 1275 380 1338 Voce
394 1275 525 1337 Tonantis
535 1281 545 1315 ⁵
556 1276 616 1348 erit,
634 1277 722 1358 qudm
733 1217 815 1352 redit,
832 1277 906 1339 unde
920 1279 1005 1342 venit.

266 1492 314 1544 w.
330 1492 477 1541 Coronen·
493 1505 551 1539 sur
571 1491 859 1541 l’ndmlnlstrntlon
882 1494 924 1541 ele
938 1495 974 1542 ln
989 1493 1119 1554 lutloe.

267 1660 379 1722 Disoute
393 1667 557 1721 cunctorum
569 1660 693 1741 vigilanti
706 1661 836 1742 indagine
851 1681 958 1734 causas,

306 1740 368 1812 Quo
381 1739 461 1801 finire
475 1759 560 1821 queas
576 1740 672 1802 ordine
686 1760 825 1820 quamque
836 1761 898 1801 suo.
1071 1759 1119 1807 roo

267 1819 402 1883 Hasbene
415 1819 491 1880 disce
504 1819 757 1901 prids,quantr'1m⁶
770 1819 820 1880 bas
834 1819 938 1881 discere
950 1819 1044 1895 debes,
1150 1832 1153 1843 '

306 1898 359 1960 tob
371 1898 431 1977 (tibi
446 1899 648 1981 inexemplum
663 1898 744 1959 verba
758 1899 955 1980 parantur)ait:

273 2002 287 2038 a
298 1977 405 2039 Lumen
420 1998 496 2040 eram
508 1997 580 2039 eaeoo
591 1981 614 2052 ⁷,
625 1982 737 2060 gressus
751 1977 903 2039 moderatio
917 1979 1025 2054 claude,

308 2059 364 2119 Pau
386 2067 464 2131 eret,
479 2057 592 2118 invento
609 2078 654 2118 me
667 2066 754 2138 patre,
768 2066 844 2118 tutus
858 2065 927 2120 erat.

269 2078 429 2210 Quoniam
451 2136 554 2215 ignotae
568 2137 653 2198 solers
667 2137 822 2198 sinuamina
837 2156 937 2212 eausae,
1072 2158 1120 2204 ros

308 2218 374 2288 Quas
388 2224 510 2293 poteram
525 2216 634 2294 studiis,
649 2219 704 2298 qud
720 2217 789 2277 mihi
808 2225 872 2279 nota
886 2217 965 2281 foret.
980 2241 995 2277 n

268 2296 325 2358 Neo
340 2296 396 2357 eitd
410 2295 525 2358 festines
539 2296 572 2356 ad
588 2315 677 2358 oausae
690 2297 803 2358 tendere
821 2295 919 2371 finem,

307 2375 364 2438 Neo
379 2375 453 2436 lento
462 2385 510 2437 ant
524 2375 642 2436 nimiiun
653 2378 670 2448 ⁸,
679 2375 751 2438 hano
764 2376 833 2458 pede
846 2378 926 2438 volve
940 2378 1030 2461 piger.

268 2455 325 2518 Neo
338 2456 446 2518 lentum
457 2463 560 2537 torpor,
573 2455 693 2517 celerem
705 2463 733 2518 te
747 2456 854 2518 nubilet
867 2477 952 2529 error,

202 2693 212 2722 ⁴
235 2710 247 2735 «
261 2689 337 2750 Licet,
349 2687 490 2751 »quoique
500 2685 558 2736 bien
571 2698 630 2748 que.
659 2693 683 2736 te
692 2686 774 2749 platus
783 2685 989 2737 d'etreal’etroit
997 2686 1060 2737 dans
1068 2703 1120 2740 une

201 2753 214 2784 ¹
232 2751 327 2811 «Quod
339 2763 417 2812 mare,
430 2759 489 2810 ero„
503 2767 514 2792 ι
527 2755 584 2798 tous
596 2748 632 2797 tes
659 2751 779 2798 domeure
790 2748 835 2810 qui
847 2754 885 2798 est
895 2749 1036 2813 dependant
1053 2752 1122 2802 tres·

169 2814 237 2864 etres
249 2814 406 2874 viventeque
419 2812 518 2872 lamen,
530 2810 554 2860 la
565 2817 631 2860 terre
659 2810 793 2873 spacieuse

170 2883 196 2927 et
209 2875 265 2925 l'ar'r
279 2874 445 2924 nourrisseut,
625 2935 629 2944 Ι
692 2872 702 2902 ⁴
721 2891 734 2944 q
754 2872 852 2984 Vixque
872 2871 971 2928 domus,
987 2880 1035 2925 ete.
1047 2889 1061 2920 u
1075 2875 1122 2925 La-

203 2939 214 2970 δ
232 2937 397 2999 «Parvaque,
409 2942 469 2996 eto„
483 2953 494 2978 v
508 2941 534 2986 et
543 2937 577 2985 toi
586 2947 631 2998 qur
659 2941 805 2996 maroneo
824 2948 837 2984 e
851 2947 896 2985 sur
908 2934 1056 2998 Napoleon:

309 3099 325 3135 11
337 3107 364 3136 err
378 3097 404 3143 le,
419 3109 462 3135 roua
479 3098 525 3134 troie
542 3109 575 3148 pas
588 3110 615 3135 un
634 3099 702 3138 entant
712 3101 732 3136 le
749 3111 833 3138 nrerure.

203 3249 215 3278 ⁸
230 3265 244 3296 u
255 3246 323 3319 Voce
334 3248 464 3310 Tonantis,
477 3254 535 3320 ete,
545 3265 559 3295 u
572 3250 633 3299 o'est
691 3251 723 3293 θα
735 3253 873 3311 Quantum.
883 3253 1120 3316 »Vovezpageffiq

169 3310 187 3358 a
205 3308 230 3360 la
249 3323 309 3360 vorx
328 3312 364 3359 du
376 3311 567 3360 Touo-Purssant
583 3325 633 3374 qno
661 3319 720 3364 note
735 3319 759 3362 1.

168 3370 291 3422 l'homme
310 3372 403 3422 sortira
417 3372 448 3422 de
467 3385 582 3423 nouveau
601 3375 632 3423 de
693 3375 703 3404 ⁷
723 3393 734 3419 α
755 3376 852 3424 Lumen
868 3387 939 3424 eram
957 3387 1031 3439 eaeoo,
1043 3380 1091 3427 eto.
1105 3393 1119 3422 ι

169 3432 341 3548 l‘qqgioussiero
363 3434 422 3486 d'od
440 3435 458 3484 il
477 3447 493 3486 a
513 3435 553 3487 ete
575 3435 632 3500 deja
658 3435 717 3532 lob,
735 3437 861 3552 cdindd'rb'
874 3443 957 3567 vvis13
977 3501 1022 3552 264
1043 3512 1060 3551 n
1082 3503 1091 3549 ¹

210 3533 227 3565 'q
720 3516 732 3546 ι
861 3517 891 3549 Ι.
924 3536 931 3549 Ι
960 3534 967 3550 0
1024 3535 1034 3566 ’
1063 3535 1069 3554 1
1096 3538 1103 3554 0
