2566 4028
494 159 608 216 Pinnnn
623 165 791 217 Aenlmnn.
1069 163 1116 215 415

263 257 341 324 Sient
354 262 383 325 in
394 261 514 326 adversis
528 265 612 327 virtus
622 285 654 328 en
666 271 674 306 ¹
690 281 785 328 murus
796 265 920 337 habetur,
1077 281 1111 328 ⁴5

302 342 348 403 sto
359 341 457 404 istius²
473 355 557 426 egent
565 367 695 429 prospere
709 349 853 438 temperie,

259 418 316 482 Nee
331 421 406 502 prior
419 423 464 484 itta
476 429 486 462 ³
500 434 594 486 manet
607 429 704 498 virtus,
721 425 775 487 nisi
789 427 855 488 solta
870 424 907 488 sit
919 428 990 504 istis,

298 500 339 563 Ne
353 501 388 563 sit
403 503 486 566 fracta
501 505 591 580 melis,
607 506 665 568 sive
680 515 794 578 remisse
808 506 899 568 honio.

262 740 304 804 Sit
318 743 368 805 tibi
379 744 534 826 proecipuus
546 746 630 808 divini
642 746 732 808 cultus
746 745 870 820 honoris,

300 821 393 905 Teque
406 826 491 887 timor
504 845 613 907 semper
626 827 724 888 subdat
737 848 870 910 amorque
884 825 952 890 Deo.
1081 847 1115 894 50

260 900 348 964 Nemo
363 903 451 966 Deum
469 915 576 967 metuet
585 907 627 967 vel
642 907 754 977 amabit,
770 909 840 968 sient
855 917 971 991 oportet,

300 981 400 1044 Sinon
415 996 554 1066 agnoscat,
571 987 641 1047 sieut
651 997 768 1068 oportet,
782 1007 858 1050 eum.

260 1061 321 1133 Quo
338 1065 436 1125 melior
449 1067 555 1127 eunctis
569 1065 642 1127 Dens
657 1075 707 1138 est,
723 1068 785 1148 plus
799 1065 880 1130 debet
894 1069 979 1130 amari
991 1089 999 1141 3

299 1141 335 1203 Et
346 1145 442 1206 melior
452 1147 596 1227 posthunc
609 1147 704 1208 ordine
715 1147 833 1228 quisque
845 1169 906 1209 sno.

260 1220 320 1292 Quo
335 1226 433 1284 melior
445 1225 562 1307 quisque
575 1234 626 1296 est,
641 1226 745 1307 majore
758 1237 799 1287 est
810 1227 911 1309 dignus
930 1247 1042 1303 amore;
1080 1249 1112 1294 55

299 1301 389 1384 thue
403 1303 462 1366 Deo
474 1305 555 1366 fuerit
567 1307 664 1382 carior,
681 1316 709 1367 et
722 1305 771 1367 tibi
785 1307 831 1368 sit.

259 1383 335 1454 Quos
348 1385 461 1456 etenim,
477 1385 531 1446 nisi
546 1397 657 1468 propter
669 1407 744 1458 eum,
761 1386 893 1448 debemus
904 1390 1015 1451 amore?

299 1461 376 1523 Finis
385 1463 442 1536 hio,
456 1463 483 1524 in
496 1467 601 1526 cunetis
616 1485 678 1547 qum
694 1466 771 1538 facis,
784 1486 856 1527 unus
867 1467 931 1528 erit.

259 1541 322 1602 Non
337 1551 395 1614 tua,
409 1544 457 1606 sed
470 1543 581 1606 Domini
596 1553 735 1626 queratur
751 1546 836 1625 gloria
846 1567 901 1686 [ier
911 1555 949 1619 te;

300 1621 362 1683 Non
374 1623 433 1702 tihi,
445 1624 493 1685 sed
505 1625 611 1686 cunetis
625 1627 734 1696 vixeris,
750 1627 836 1686 immo
871 1647 915 1689 eo.
1080 1645 1114 1690 oo

261 1702 429 1764 Detrimenta
443 1711 498 1764 tuae
512 1725 609 1765 caveas
623 1706 810 1786 superomnia
824 1705 913 1778 famae,

301 1781 336 1842 Ut
346 1783 440 1844 multis¹
453 1785 540 1864 possis
552 1793 579 1845 et
594 1783 641 1845 tibi
652 1784 794 1864 proficere.

260 1862 327 1932 Quae
343 1869 543 1944 precesserunt
557 1873 660 1942 cogunt
672 1884 742 1924 nova
759 1863 871 1923 crimina
884 1865 972 1938 oredi3

299 1941 333 2002 Et
334 1943 417 2081 1frier
430 1944 458 2002 in
475 1952 573 2003 testem
588 1947 641 2004 vita
654 1942 796 2034 seqnentis
811 1943 873 2002 erit.

261 2019 331 2081 Scan
353 2023 406 2095 ala,
421 2026 505 2102 qu'nm
519 2023 620 2103 possis,
635 2023 781 2084 hominnm
796 2022 881 2084 vitare
893 2020 998 2098 labora,
1080 2041 1112 2086 oe

303 2100 338 2162 Ut
351 2111 444 2163 tamen
457 2103 580 2163 inonrms
594 2103 724 2164 seandala
739 2102 814 2163 nulia
831 2102 892 2163 Dei.

263 2178 381 2242 lniames
393 2182 480 2262 fugiat
495 2193 539 2242 tua
554 2184 725 2244 conversatio
739 2201 859 2264 semper,

301 2261 337 2321 Et
351 2263 426 2322 socio
440 2263 530 2341 gaude
549 2271 576 2323 te
592 2264 704 2324 meliore
717 2263 781 2323 frui.

211 2365 213 2370 ·
260 2341 308 2402 Est
323 2342 422 2402 melius
434 2343 539 2402 socium
550 2345 632 2422 quim
647 2343 808 2420 cognatum⁴
822 2361 883 2404 esse
894 2341 1052 2416 bonorum;

300 2420 370 2481 Hine
382 2422 484 2480 etenim
495 2423 582 2483 virtns
595 2424 709 2494 eminet,
725 2423 788 2484 inde
801 2443 899 2504 genus.
1080 2439 1113 2485 70

264 2500 305 2560 Ne
319 2509 425 2560 tentare
438 2499 540 2570 Deum,
552 2501 604 2572 fili,
616 2505 823 2584 presumpserit·
833 2521 957 2583 unquam
970 2505 977 2560 ἑ

303 2577 395 2640 Nitere
410 2600 464 2660 qno
479 2581 567 2660 possis
577 2587 597 2646 ⁵.
615 2592 642 2640 et
659 2585 789 2642 merearis
801 2601 892 2660 opem.

265 2659 380 2720 Summa
391 2659 442 2720 Dei
458 2659 566 2721 bonitas
580 2660 729 2742 disponens
739 2663 832 2721 omnia
845 2660 930 2729 reete,

304 2739 372 2811 Quae
386 2739 468 2820 bona,
488 2761 550 2822 quoe
564 2740 637 2802 mola
651 2749 724 2812 sunt,
739 2739 848 2812 ordinat
865 2738 924 2820 ipse
934 2737 1016 2800 bene.

201 3047 208 3076 ¹
230 3062 244 3093 «
261 3043 351 3092 Virtus
370 3055 409 3104 ea,
429 3046 527 3091 o'cette
547 3047 632 3096 ventu,
652 3043 709 3093 tice.
723 3070 754 3081 -
768 3045 859 3095 «Istis.
878 3062 892 3093 »
911 3046 946 3096 La
963 3046 1030 3096 soree
1049 3047 1117 3097 eila

166 3107 320 3157 o'est-e-dire
330 3105 354 3154 la
365 3105 441 3162 soree,
455 3122 468 3151 o
478 3103 608 3165 fortitudo,
617 3120 631 3150 1)
653 3107 820 3157 moderation.

167 3170 230 3218 dont
239 3167 311 3217 l'idee
324 3175 361 3216 est
372 3167 566 3228 imiilioitement
577 3179 634 3214 nen·
685 3170 696 3200 ⁴
715 3187 728 3216 o
739 3170 850 3232 Sooium,
858 3171 1115 3233 »oompagnomamt

167 3232 264 3282 sermee
273 3231 358 3278 dens«
367 3229 443 3292 fortis
456 3229 630 3276 madiensis.»
652 3256 683 3266 -
697 3235 873 3294 «Cognatum,
886 3249 899 3278 n
915 3237 1012 3294 parent.

201 3296 246 3339 ²«
278 3291 360 3341 Istius.
391 3307 405 3338 o
440 3289 633 3339 sous-emendo
686 3291 1115 3356 ⁸«Nitereteotqnopossismiti).o

169 3353 306 3404 «virtutis.
319 3370 333 3399 »
347 3353 417 3402 Cette
431 3359 514 3410 verto,
531 3355 591 3400 cest
609 3352 634 3400 la
652 3357 790 3428 appuie-toi
802 3370 846 3404 sur
856 3369 884 3404 oe
896 3357 940 3417 qui
953 3360 1013 3417 peut
1025 3361 1049 3418 te
1065 3371 1116 3404 ser-

167 3415 324 3468 moderation
338 3415 402 3465 dont
413 3415 430 3463 il
443 3426 458 3463 a
470 3413 508 3464 tte
521 3415 591 3477 parte
601 3428 633 3463 en
654 3432 694 3466 vm
703 3418 802 3480 d'appni
824 3423 848 3466 et
865 3425 892 3466 tn
903 3415 1038 3466 monitores
1052 3417 1114 3470 ainsi

167 3477 296 3531 tsoisieme
309 3477 369 3527 lieu.
653 3479 801 3529 t'assistence
814 3477 870 3528 d’en
881 3477 952 3526 haut.

202 3541 213 3570 ⁸
233 3539 330 3590 «Prior
347 3539 391 3590 itte
402 3537 490 3589 virtus.
507 3551 520 3582 o
534 3535 568 3585 La
582 3537 635 3599 jus·
728 3547 817 3595 noe-m„
830 3549 847 3583 n
862 3547 902 3584 cni
913 3547 997 3584 eoem.
