2548 4050
182 873 317 938 Voioi
350 893 413 937 un
444 869 649 951 tab'leau‚
676 873 849 956 d'apres
883 873 1028 956 lequel
1063 874 1093 937 il

137 1025 239 1071 sera
263 1007 390 1070 facile
408 1007 461 1070 de
482 1009 714 1071 connaitre
732 1007 759 1069 ὲ
778 1006 921 1090 quelle
940 1007 1093 1071 metri·

137 1159 223 1224 que
245 1141 518 1224 correspond
543 1141 586 1203 la
609 1157 799 1223 presque
823 1140 993 1204 totalite
1015 1140 1095 1204 des

137 1243 334 1356 hymnes
360 1273 419 1336 du
444 1271 676 1337 Breviaire
701 1292 708 1336 :

193 1649 381 1713 HYMNES
405 1649 719 1714 DOMINICALES
743 1651 801 1712 ET
825 1633 1045 1714 FERIALES

178 2034 237 2097 Les
252 2034 388 2116 hymnes
402 2033 564 2096 suivantes
579 2034 618 2095 de
638 2034 721 2096 saint
736 2033 926 2112 Ambroise,
943 2033 982 2095 de
1010 2031 1092 2095 saint

138 2155 304 2216 Prudence
319 2169 350 2215 et
362 2155 400 2215 de
415 2155 498 2216 saint
513 2154 688 2236 Grigoire‚

175 2329 223 2392 ΛΞ
225 2341 318 2392 terna
334 2330 410 2394 coeli
422 2331 551 2411 gloria,

173 2455 222 2516 AE
225 2466 314 2517 terne
329 2474 440 2516 rerum
453 2455 623 2527 conditor,

173 2577 252 2638 Ales
266 2576 334 2638 diei
343 2578 475 2639 nuntius
486 2578 538 2656 (de
553 2577 636 2638 saint
653 2577 850 2657 Prudence),

172 2701 307 2761 Aurora
314 2699 388 2782 jam
402 2701 534 2782 spargit
542 2703 655 2781 polum
667 2701 720 2780 (de
732 2700 816 2761 saint
830 2699 1001 2782 Gregoire)
1018 2749 1026 2780 ,

176 2823 261 2886 Coeli
274 2825 364 2886 Deus
382 2824 586 2885 sanctissime
599 2873 609 2903 ,

176 2947 319 3009 Consors
330 2948 465 3028 paterni
478 2949 626 3028 luminis,

172 3071 326 3133 Hominis
337 3090 474 3151 superne
488 3070 661 3149 conditor,

174 3195 248 3256 Jam
263 3195 346 3256 lucis
361 3206 436 3256 orto
448 3194 572 3272 sidere,

174 3319 247 3380 Jam
260 3321 314 3380 sol
325 3317 451 3380 recedit
463 3320 578 3400 igneus
585 3366 594 3396 ,

174 3441 274 3504 Lucis
285 3453 419 3503 creator
433 3441 552 3522 optime
566 3442 620 3521 (de
634 3441 717 3503 saint
732 3442 918 3524 Gre'goire)‚

175 3541 251 3627 Lex
265 3583 337 3626 ecce
351 3564 465 3645 surgit
479 3584 581 3627 aurea
595 3566 609 3646 ζ
610 3565 648 3627 de
660 3565 743 3628 saint
758 3565 923 3648 Gregoire]
940 3616 949 3648 ,

175 3687 312 3770 Mognae
325 3689 415 3750 Deus
419 3688 582 3770 potentiae
598 3739 607 3769 ,
