2518 4042
208 214 253 267 su
512 213 863 302 samreeuaummun.

381 315 481 389 Pedes,
495 336 594 379 manus
607 316 739 393 lambere,
753 315 865 379 flentem
879 316 1026 390 musolari,

380 396 446 460 Tuis
459 397 488 458 in
503 396 646 479 obsequiis
657 396 761 480 jugiter
773 396 874 459 morari
887 398 893 456 !

380 565 442 630 lleu
456 570 517 630 me!
535 586 584 629 cur
596 587 654 630 non
666 566 744 630 licuit
757 567 827 629 mihi
841 566 998 630 demulcere

379 647 543 731 vagientem
556 647 713 730 puerulum,
730 656 758 709 et
771 667 835 713 eum
848 647 933 710 llente
946 647 1026 724 llere,

380 726 446 791 lllos
458 735 534 790 artus
546 735 658 790 teneros
672 726 730 789 sive
743 726 901 805 confovere,

380 807 503 890 Eiusque
516 806 661 869 cunabulis
675 826 785 889 semper
798 806 933 870 assidere!

381 978 461 1051 Puto,
476 978 538 1060 pius
550 977 679 1060 parvulus
692 977 753 1039 haee
764 993 822 1038 non
836 977 1027 1054 abhorreret¹,

382 1057 441 1119 lmo
458 1077 535 1119 more
549 1056 654 1140 parvuli
672 1057 764 1118 forsan
778 1056 921 1130 arrideret,

386 1138 421 1200 ln
434 1137 510 1198 tlenti
524 1137 689 1278 pappereulo
704 1137 769 1216 tletu
783 1136 953 1210 condoleret,

381 1218 416 1280 Et
429 1217 553 1300 peccanti
578 1217 646 1278 anile
659 1217 740 1278 venia
753 1215 866 1279 faveret.

381 1389 470 1466 Felix,
484 1389 533 1470 qui
545 1397 613 1451 tuno
624 1388 756 1470 temporis
765 1388 844 1464 matri
859 1387 990 1470 singulari

383 1469 521 1531 Potuisset
535 1467 661 1551 precibus
676 1469 712 1529 ita
724 1467 864 1539 famulari,

381 1547 418 1610 Ut
433 1549 463 1610 in
477 1547 521 1609 die
534 1548 635 1610 sineret
647 1547 734 1609 semel
746 1547 863 1609 oseulari

381 1627 472 1690 Suum
486 1627 596 1689 dulcem
610 1627 764 1710 paruulum,
781 1634 861 1710 eique
871 1627 970 1709 jocari!
986 1653 1001 1689 a

381 1799 429 1860 Sio
442 1798 538 1860 affecta
552 1796 595 1880 pia
611 1816 690 1858 mens
704 1795 761 1858 sitit
772 1806 972 1879 paupertatem,

381 1879 442 1942 Cibi
456 1876 665 1961 parcimoniam,
679 1877 763 1938 uestis
776 1877 925 1952 vilitatem3

381 1958 470 2020 Labor
484 1957 510 2020 ei
524 1957 637 2019 vertitur
650 1956 680 2016 in
691 1955 904 2037 jucunditatem,

381 2038 470 2100 Vilem
484 2057 545 2100 esse
556 2034 648 2098 saeouli
661 2035 727 2097 dicit
740 2044 922 2101 venustatem.

381 2209 454 2292 Ergo
471 2209 510 2270 sio
524 2207 667 2270 infantiam
679 2205 781 2270 Christi
793 2208 953 2284 retexendo,

380 2287 462 2349 Horae
475 2288 572 2370 primae
584 2287 722 2348 canticum
737 2288 849 2349 strenue
863 2286 999 2362 canendo,

380 2367 539 2429 Transitum
554 2366 588 2427 ad
603 2367 712 2429 tertiam
726 2367 790 2428 sarit
806 2368 952 2429 recolendo

379 2445 520 2517 Quantum
534 2444 659 2508 Christus
672 2465 769 2528 passus
780 2454 831 2521 est,
847 2446 976 2510 homines
988 2446 1128 2514 docendo.
1236 2495 1237 2585 p

379 2617 457 2678 Tune
466 2635 530 2678 oum
544 2616 611 2678 tletu
623 2615 719 2677 recitat
732 2615 806 2678 illius
817 2615 934 2691 labores,

381 2696 475 2768 Sitim,
491 2695 604 2767 famem,
622 2695 734 2773 frigora,
748 2703 832 2757 aestus
846 2704 873 2758 et
887 2697 1013 2771 sudores,

382 2776 435 2848 uui
451 2776 477 2838 di
500 2784 597 2838 nanter
610 2775 720 2858 pertulit
734 2782 845 2857 propter
858 2787 1028 2858 peccatores,
1235 2803 1236 2879 p

381 2856 454 2918 Dum
469 2796 578 2917 ilorum
592 2854 679 2916 voluit
691 2855 822 2917 innovare
834 2876 934 2919 mores.

378 3029 437 3092 Vox
448 3030 547 3090 amoris
559 3027 670 3090 llatibns
682 3035 739 3089 tota
753 3023 947 3090 concremata*
961 3052 967 3090 :

379 3110 440 3184 Oui,
454 3110 496 3172 oei
511 3108 632 3170 clamitat
642 3108 707 3170 Avis
721 3107 780 3170 haeo
793 3108 882 3180 beata,

377 3189 482 3252 Mundo
496 3189 566 3250 mori
581 3188 708 3270 cupiens,
721 3190 801 3269 cujus
813 3188 855 3249 vio
870 3190 923 3250 lata

376 3271 427 3338 Cui
442 3269 508 3331 setet
519 3268 651 3331 saeculum
666 3271 705 3330 sio
717 3278 758 3330 est
769 3268 917 3331 delicata⁸.

234 3495 241 3523 ¹
263 3512 274 3536 α
294 3491 354 3542 Haeo
374 3504 426 3542 non
438 3489 596 3549 ahhorreret,
608 3505 620 3531 ι
632 3500 665 3536 ne
721 3489 733 3519 s
751 3491 950 3538 «concremata.
966 3489 1157 3540 nsonsenten·

203 3555 372 3618 rapourserait
400 3566 443 3617 pas
476 3565 517 3602 ees
549 3563 666 3612 marqnes
690 3551 724 3602 du
739 3557 836 3602 rest.»
1168 3579 1174 3588 .
1232 3581 1233 3592 ,

203 3618 328 3666 d'arnonr.
709 3614 734 3658 ,ὅ
746 3632 757 3657 ι
772 3611 889 3672 Belicam,
900 3630 913 3656 ι
922 3609 1037 3676 difficile,
1047 3614 1160 3678 penib'e.
