2542 4038
449 148 712 272 sirrrfluruuauu.
977 197 982 205 ⁴
1022 191 1069 240 rae

223 284 246 340 0
260 283 336 341 beata
727 288 762 343 ut
774 286 808 343 de
821 288 899 344 malis

222 355 346 412 Miserata
731 357 871 414 Universis

187 427 288 483 Preces
302 431 409 482 nostras
422 427 541 500 suscipe,
695 427 749 484 Nos
758 430 908 487 clementer
918 429 1005 504 eripe.

416 605 546 655 uxraur
567 607 606 655 uu
627 585 758 656 u’uuuuu
778 610 810 654 x.

220 729 302 801 Virgo
317 735 419 802 saneta,
491 767 493 770 -
729 730 848 813 Supplex
858 746 905 787 oro

221 801 395 870 Matereasta‚
729 801 897 858 Utruchoru

185 871 513 946 David¹prulesinelyta
694 870 733 928 Te
748 871 1029 941 sanctorumvideam,

221 941 269 997 Pia
304 958 366 999 rece
728 943 763 998 Et
777 941 878 998 divinae

220 959 399 1070 Nosgeneee
730 1012 858 1068 Sineiiue

186 1083 479 1141 peecatorumsusciaa.
694 1084 853 1140 bonulucis
867 1082 1005 1156 gaudeam.

222 1232 314 1288 Proles
325 1233 444 1298 Jesse²,·
730 1234 794 1289 Jesu
803 1231 909 1288 Christe

220 1304 273 1358 Per
286 1304 455 1375 quamressae
730 1301 961 1376 Perquemssiste

185 1372 357 1430 Roborautur
369 1375 477 1440 auimae,
694 1373 807 1431 Mundus
820 1374 908 1444 primu
921 1373 1006 1430 iaetus
1016 1381 1066 1437 est,

221 1443 446 1514 Facuosiortes,
730 1446 817 1501 Homo
828 1446 897 1500 Deus

220 1516 255 1570 Et
269 1515 395 1572 cohortes
511 1585 513 1588 Α
732 1517 785 1571 Per
794 1531 875 1598 quem
888 1530 951 1572 reus

185 1583 510 1658 Tenebrarumreprirue.
695 1587 781 1644 Homo
792 1586 918 1643 liberatus
930 1591 990 1656 est3

213 1734 267 1791 'Ab
279 1734 322 1791 his
336 1735 397 1792 telis
731 1735 871 1792 Metuende

221 1805 292 1862 Tuos
307 1807 375 1861 velis
729 1807 797 1877 Rex,
813 1805 927 1862 defende

188 1875 328 2015 Sussplices
340 1876 497 1948 defendere,
697 1876 751 1932 Nos
761 1875 864 1931 amalis
879 1874 1015 1944 omnibus,

247 1947 324 2004 uibus
334 1949 406 2019 perit
510 1999 512 2002 .
732 1945 824 2002 Redde
834 1947 922 2002 vicem

223 2018 351 2090 Quisquis
364 2019 463 2091 quaerit
731 2016 927 2072 Hanufelieem

110 2091 122 2118 '¹'
188 2087 446 2147 Carnisatissaeere.
697 2087 806 2146 Mariam
818 2087 977 2145 colentibus.

224 2239 306 2314 Virgo
319 2239 397 2303 lenis,
730 2239 766 2296 Ut
780 2243 914 2295 restaures

223 2312 277 2368 Nos
291 2311 406 2384 apoeuis
730 2311 797 2378 Nos,
810 2310 869 2365 haee
882 2325 960 2366 aures

185 2382 264 2438 Salva
276 2381 482 2455 gehennalibus,
694 2380 763 2436 Tuas
773 2382 862 2452 pulset
872 2381 997 2451 precibus
1005 2380 1030 2450 ⁴,

222 2452 278 2509 Nec
293 2453 430 2509 substerni
730 2453 795 2508 Haec
808 2457 942 2507 sustentet

222 2523 277 2580 Nus
291 2523 392 2579 inferni
438 2587 442 2592 ,
729 2523 764 2577 Et
775 2527 923 2593 praesentet

186 2593 264 2652 Sinas
279 2591 453 2650 eruciatibus.
694 2591 758 2648 Tuis
771 2608 822 2646 nos
834 2590 994 2661 aspectibus.

222 2743 412 2800 Vitamlaetam
730 2741 913 2807 Rexaeaerne,

222 2816 256 2871 Et
267 2814 386 2887 quietam
728 2809 778 2866 Pio
793 2825 874 2865 cerne

187 2887 520 2957 Faenussemperagere,
695 2877 959 2952 Supplicesiutuitu‚

223 2955 376 3014 Utvirrutis
730 2954 764 3007 Ei
775 2951 878 3007 illustra

222 3030 256 3084 Et
265 3027 358 3082 salutis
731 3021 819 3079 Corda
834 3028 927 3078 nostra

188 3097 355 3155 Gaudeamus
368 3112 492 3153 munere.
695 3093 752 3150 Tuo
765 3099 858 3150 sanctu
871 3093 983 3165 Spiritu.

148 3317 156 3346 ¹
176 3311 310 3362 «Darii»
328 3310 431 3361 Genitif.
601 3325 616 3357 u
624 3308 716 3359 Omnia
726 3321 771 3372 per
781 3307 865 3370 ipsum
878 3305 943 3377 factu
954 3313 1022 3370 suut,
1033 3314 1059 3356 et

146 3375 158 3408 ²
176 3375 299 3424 desse.»
317 3375 410 3437 Voyez,
432 3383 496 3437 page
515 3371 571 3431 327,
600 3371 718 3434 sineipso
731 3371 876 3420 factumest
889 3367 971 3428 nihii,
990 3369 1056 3432 quod

113 3445 175 3490 note
186 3441 209 3486 ἵ.
601 3433 697 3482 factum
709 3439 755 3482 est.
768 3451 780 3474 a

147 3503 159 3532 ⁵
178 3499 249 3548 «Per
260 3510 346 3561 quem,
363 3503 434 3546 ete.»
451 3493 573 3559 Evangile
632 3495 642 3525 ⁴
661 3493 750 3544 «Haec.
765 3510 776 3534 »ι
789 3491 876 3540 Maria.
890 3516 920 3526 -
940 3511 951 3536 ι
973 3492 1056 3544 Praei·

112 3564 185 3616 selon
205 3560 272 3610 saint
292 3559 365 3622 Jean,
396 3559 437 3609 eh.
460 3572 479 3622 1,
495 3571 521 3608 v.
542 3561 572 3606 3:
599 3556 656 3619 bue,
669 3556 728 3606 »les
739 3553 835 3616 prieres
849 3553 880 3602 de
891 3552 977 3603 Marie.
