2522 4024
463 183 645 238 renueret,

181 287 319 348 lducrone
331 283 425 347 hiulco
437 284 629 367 pensilislatus
642 285 694 346 viri
708 293 716 332 ¹
731 307 738 344 :
770 291 773 294 '

180 365 300 428 Suloant
312 385 363 450 per
372 371 447 426 artus
457 365 537 446 longa
548 365 657 427 tractim
671 365 794 437 vulnera,

180 445 301 528 Obliqua
314 444 409 518 rectis,
425 452 500 507 recte
512 447 674 512 uansversis
687 452 799 519 secant3

180 527 217 590 Et
228 527 288 609 jam
298 524 410 589 retectis
427 531 524 608 pectus
534 523 735 588 albetossibus.

225 688 345 751 Nitendo
360 688 500 760 anhelant,
517 687 648 750 diffluunt
657 688 816 764 sudoribus,

182 769 278 838 Ouum
290 769 326 831 sit
337 769 448 850 quietus
458 768 578 830 heresin
591 788 674 849 quem
687 769 816 831 seviunt.

182 849 251 912 llaec
262 849 343 914 inter.
357 847 434 911 addit
448 849 545 930 sponte
559 847 701 910 Romanus
715 849 790 930 loqui
805 855 815 889 ¹
834 872 840 910 :

186 953 202 988 ιι
224 928 379 1008 sinueris,
395 927 560 1010 tpraeleete,
577 949 679 990 verum⁴
687 948 813 1001 noscere,

183 1007 245 1072 lloc
260 1029 356 1091 omne,
365 1007 498 1093 quicquid
506 1008 692 1090 lancinamur,
707 1029 764 1074 non
777 1009 854 1073 dolet
869 1032 877 1070 ι

223 1170 315 1246 Dolet,
328 1169 403 1252 qudd
414 1189 490 1232 error
500 1171 605 1252 pectori
616 1169 719 1230 insidet
731 1176 790 1242 tuo,

182 1250 305 1331 Populos
319 1250 395 1330 quod
407 1251 474 1312 istos
487 1250 610 1329 perditus
621 1258 715 1311 tecum
727 1248 830 1312 trahis:

183 1329 306 1392 Currunt
317 1329 477 1412 frequentes
488 1336 498 1369 ³
511 1330 634 1412 undique
646 1328 680 1391 ad
693 1327 879 1411 spectaculum

184 1408 294 1472 Gentile
304 1410 413 1492 vulgus,
426 1410 481 1472 heu
495 1411 632 1492 gemenda
644 1430 756 1492 corpora
770 1412 779 1469 l

184 1489 385 1574 crudumque*
401 1498 503 1553 nostroe
513 1491 594 1552 sortis
607 1491 768 1574 exemplum
780 1497 915 1554 tremunt.
945 1511 950 1518 ·

227 1650 340 1727 Audite,
349 1651 453 1724 cunuti,
468 1650 557 1712 clamo
567 1650 651 1731 longe
665 1671 697 1712 ac
708 1649 840 1732 praedioo,

186 1730 288 1794 Emitte
298 1751 395 1792 vocem
406 1729 441 1792 de
454 1735 556 1792 cataste
568 1734 579 1769 ⁶
592 1731 690 1792 celsior
707 1753 713 1790 ε

188 1809 313 1872 Christus
323 1819 445 1892 paternae
455 1811 549 1893 gloriae
564 1810 704 1891 splendor,
720 1810 794 1871 Deus

187 1890 291 1952 Rerum
303 1899 421 1969 creator,
433 1898 528 1952 noster
541 1889 615 1950 idern
628 1890 773 1970 particeps,

188 1968 314 2054 Spondet
327 1969 447 2033 salutem
461 1977 603 2055 perpetem
613 1968 790 2030 credentibus
802 1991 810 2040 ς

226 2129 336 2192 Anime
349 2129 466 2192 salutern
478 2135 501 2202 ⁶,
517 2128 574 2194 sola
589 2149 651 2212 quae
664 2149 721 2190 non
736 2128 848 2208 oceidit,

188 2209 244 2272 Sed
260 2210 325 2293 'ogd
333 2209 446 2284 durans,
460 2210 582 2289 dispares
592 2231 671 2272 casus
682 2209 767 2285 subit,

187 2290 243 2352 Aut
267 2311 318 2352 uce
328 2289 423 2372 fulget,
435 2299 482 2351 aut
491 2289 612 2351 tenebris
623 2290 758 2430 menpitur
774 2313 781 2350 τ

88 2403 94 2408 -
118 2399 144 2412 ··
187 2369 328 2436 Christum
353 2378 459 2448 secuta,
476 2370 801 2452 Patrisintratgoriam3
887 2397 891 2402 ·
912 2407 931 2442 ,ι

89 2491 92 2498 »
188 2448 764 2537 DisiunetaChristomancipaturtartaro.

227 2610 353 2674 Curanda
368 2630 474 2672 merces
488 2609 578 2691 qualis
592 2628 765 2691 aequaeuam
779 2607 849 2670 mihi

185 2689 336 2772 Contingat
349 2690 436 2753 olim⁷
451 2692 573 2772 perpetis
584 2689 745 2751 substantie
758 2713 764 2749 ι

184 2767 258 2831 Narn
273 2770 396 2833 membre
412 2771 486 2853 parvi
500 2769 590 2851 pendo
604 2790 660 2851 quo
674 2779 753 2851 pecto
765 2766 873 2843 cudant,

86 2909 104 2932 „
118 2897 122 2904 .
186 2849 290 2914 Gasuru
304 2852 380 2912 certe
393 2851 455 2934 lege
470 2859 575 2912 nature
587 2869 658 2910 suae.

100 2925 103 2932 '
185 2929 274 2994 lnstat
287 2931 365 2993 ruina
379 2952 385 2992 :
401 2930 476 3014 quod
490 2930 686 2994 resolvendum
700 2936 753 3004 est,
769 2937 840 2994 ruat.

119 3157 271 3268 :titur
285 3155 507 3281 ldtlltttttn
530 3215 555 3265 n
582 3155 627 3266 ni
644 3155 805 3279 rattruut
818 3153 1044 3280 {alternent

92 3281 187 3343 parole,
217 3280 281 3330 rand
295 3280 319 3329 la
332 3254 427 3342 pa'role.
582 3287 637 3342 tyrs
661 3293 724 3341 pour
745 3280 781 3329 les
802 3291 907 3342 exposer
924 3279 939 3325 e
959 3277 983 3326 la
994 3291 1042 3328 rue

98 3343 159 3387 ⁴«
206 3348 299 3392 urrunt
321 3340 552 3454 trepuerrtes.=Ge
583 3342 617 3390 du
640 3341 739 3412 peuple,
791 3342 870 3391 ndant
889 3339 965 3404 qu'on
985 3337 1043 3390 leur

93 3404 166 3455 verbe
181 3412 208 3454 ct
218 3412 260 3453 cet
272 3404 364 3466 adjecti
386 3409 444 3453 sont
456 3417 487 3452 au
500 3403 555 3466 plu·
583 3404 668 3453 falsart
679 3404 750 3452 solur
771 3417 785 3452 a
798 3410 902 3452 turture.

91 3463 145 3526 riel,
157 3479 235 3529 parce
246 3479 296 3529 que
310 3465 427 3576 epenttle
437 3465 553 3536 vulgus»
614 3466 625 3495 ‘¹
646 3465 767 3514 «Arrimae
787 3466 895 3515 solutam
908 3481 919 3508 υ
934 3467 973 3513 est·
986 3462 1039 3532 regi

93 3528 220 3578 renterme
242 3541 293 3578 une
316 3543 323 3576 r
343 3529 371 3578 te
383 3529 418 3577 de·
427 3527 554 3591 plurelrtt.
583 3541 629 3591 par
642 3526 778 3588 «spondet.
793 3545 803 3570 ι

122 3589 132 3626 t
151 3587 304 3650 «Crudum,
314 3609 325 3636 i
336 3590 417 3646 cruet<
615 3589 626 3620 ¹
646 3608 656 3636 ι
670 3588 746 3652 (tlirn,
760 3607 771 3634 i
785 3601 819 3638 uu
829 3588 897 3652 jour,
