2582 4028
175 174 224 226 eao-
415 169 885 246 sruuruosrnnniomrtmn

270 271 332 336 Non
347 271 414 340 satu
425 272 561 336 audemus
575 271 702 350 serutari,
713 291 766 332 neo
779 291 830 354 per
841 285 965 352 opertas.
1019 278 1022 280 ’

270 353 312 416 tre
323 353 392 425 vias,
406 351 543 434 callesque
556 353 641 434 gradu
656 351 765 433 pulsare
777 362 909 415 remotos.

270 431 354 494 Multa
368 433 473 494 etenim
485 437 495 472 ¹
510 432 582 493 bena
595 439 665 494 tecta
678 431 777 502 latent,
790 431 949 511 nescitaque
961 438 1100 514 prosunt:

269 510 342 572 Dum
357 510 815 592 mansuetatidesquaedamditota
828 510 954 572 modesto
1009 567 1013 574 .
1073 531 1125 574 155

270 591 404 666 Sustinet,
418 600 447 654 et
459 590 537 654 nullo
551 591 661 673 ignorat
673 609 732 652 non
745 590 818 652 edita
830 589 943 652 damno.

181 789 186 799 ·
219 813 221 816 ,
310 733 612 832 Siequandoeleatum
626 767 660 812 er
674 750 781 810 eunetis
795 747 929 840 poputum
942 747 1017 810 Deus
1034 767 1125 810 unum

269 828 356 911 Lege,
368 829 463 901 saeris,
477 829 589 910 templo,
603 838 759 909 unguento,
771 828 794 888 si
834 833 934 908 mqua²
949 827 1070 901 serebat,

269 908 348 980 Quod
361 908 414 969 fuit
427 907 567 969 oecultum
581 907 733 988 mundique
747 909 775 968 in
809 927 845 968 ne
859 915 993 968 retectum
1007 916 1060 981 est,

269 987 331 1050 Non
345 987 440 1050 oberat
452 987 559 1050 nesure
571 1006 669 1051 omnes
680 986 847 1068 quandoque
859 986 997 1050 vocandas
1072 1006 1122 1050 rao

270 1065 300 1127 in
315 1087 433 1148 regnum
445 1071 583 1130 atomum
596 1074 704 1148 gentos,
717 1075 863 1146 totumque
877 1085 926 1147 por
939 1065 1035 1130 orbem

269 1145 445 1217 Donandurm
459 1145 533 1227 quod
546 1165 609 1228 spes
622 1165 711 1227 parvm
724 1154 792 1207 tune
805 1145 891 1226 plebis
903 1143 1031 1208 habehat.

309 1224 357 1288 Sie
368 1232 507 1307 postrema
520 1225 590 1299 dies,
602 1229 656 1306 qut
670 1223 768 1287 mnndi
781 1224 916 1286 olauuimr
930 1233 1006 1297 aetas,

272 1303 383 1366 Notitiae
398 1313 500 1368 nostro
513 1325 570 1366 non
583 1305 713 1378 ostdata;
726 1323 778 1365 nee
791 1313 886 1366 tamen
900 1304 983 1384 hujus

269 1383 376 1446 Seereti
390 1384 537 1464 impatiens
550 1392 709 1446 sanctorum
722 1384 801 1445 turba
814 1383 929 1446 laborat.
1073 1398 1124 1445 ros

308 1463 425 1545 Jamque
437 1463 535 1526 eadem
548 1471 646 1524 natura
660 1463 771 1535 animae,
783 1470 937 1545 naturaque
951 1463 1040 1524 earnis

268 1543 387 1606 Diversis
401 1543 539 1604 mundum
550 1543 603 1604 suh
617 1542 822 1606 mnditioniims
835 1543 928 1605 intrat.

268 1622 317 1682 His
328 1640 444 1703 regnare
457 1621 552 1684 datum
564 1629 625 1694 est3
641 1622 702 1684 illos
713 1623 816 1687 servire
829 1641 942 1686 neeesse
952 1629 1010 1696 est3

268 1702 325 1762 Hos
337 1701 432 1779 decor,
444 1709 472 1762 et
482 1702 552 1764 vires
562 1701 669 1776 vatum,
683 1701 832 1783 viridisque
845 1707 973 1766 reuectus

268 1779 407 1861 Susoipit;
420 1781 472 1844 hos
486 1782 590 1856 species
604 1781 739 1845 inhonom
753 1789 781 1844 et
793 1781 887 1844 debite
899 1801 1014 1862 pomum
1068 1793 1118 1843 tro

187 1927 191 1934 „
268 1861 317 1922 His
328 1861 404 1943 viget
418 1861 563 1942 ingenium
577 1861 714 1943 praeeiaris
728 1860 834 1922 artibus
847 1866 958 1942 aptum3

268 1941 374 2002 Homm
388 1939 465 2001 tarda
479 1943 578 2022 premit
591 1940 699 2022 gelidus
713 1941 862 2022 praecordia
874 1940 1000 2030 sanguis.

267 2019 325 2083 Nea
338 2028 432 2082 tamen
446 2019 505 2081 haee
518 2019 590 2081 inter
600 2029 656 2081 tam
670 2019 883 2101 compugnantia
896 2037 1042 2100 quisquam

267 2100 366 2182 Arguit
378 2105 529 2171 eumaem,
543 2099 591 2180 qui
605 2099 837 2160 mmmmntimt
850 2098 933 2178 hujus

267 2178 369 2260 Legem
383 2178 488 2260 operis,
500 2178 567 2238 dum
576 2177 680 2259 judicio
695 2179 792 2260 piacita
805 2178 922 2260 explieat
933 2197 1014 2260 aequo
1026 2177 1049 2251 ³,
1068 2193 1119 2240 175

267 2257 301 2319 Et
312 2277 405 2318 rerum
417 2277 516 2328 causas
530 2255 657 2319 obseurat
667 2259 741 2340 justa
753 2266 882 2340 potestas
998 2313 1001 2318 .

306 2412 338 2474 Si
351 2420 492 2476 terrenum
504 2414 773 2498 igiturfigmentnm,
786 2399 950 2499 addictaque
961 2413 1042 2478 morti

266 2494 422 2576 Progenies
436 2494 473 2556 ita
487 2493 613 2558 dissimili
628 2495 788 2578 producitur
799 2501 871 2575 ortu,

170 2713 201 2752 ne
215 2696 335 2752 onorem
350 2708 422 2754 entre
442 2715 494 2752 eux
512 2716 561 2768 qua
579 2716 627 2815 par
660 2704 763 2756 doivent
771 2710 851 2756 roster
859 2703 973 2764 uacuus,
982 2699 1124 2764 etau'oeu·

170 2761 195 2809 la
206 2763 291 2871 gntae,
300 2771 372 2814 entre
389 2765 412 2814 le
443 2765 495 2815 uela
510 2765 535 2815 la
549 2778 580 2830 gr
597 2779 625 2816 ce
661 2765 722 2817 utile
733 2766 764 2816 de
776 2779 809 2815 no
820 2763 1038 2828 pointeonnottm.

170 2825 419 2886 seuemetquelque
447 2827 581 2877 istinetiou.
690 2827 834 2899 Corneille,
851 2829 925 2890 apros
941 2827 1012 2874 avoir
1039 2823 1115 2872 eher-

206 2886 213 2916 ¹
229 2904 241 2928 «
253 2885 334 2934 Multa
352 2887 457 2949 etenim,
483 2895 569 2951 ete.,·
591 2903 625 2940 en
659 2889 862 2940 ahtaoonailmr
877 2889 902 2939 la
919 2888 998 2938 Grtoe
1016 2897 1076 2936 avec
1093 2884 1116 2933 ta

169 2944 238 3006 effer,
249 2946 266 2995 il
279 2961 294 3010 p
307 2959 323 2997 a
337 2947 396 2997 bien
412 2948 455 2998 des
473 2950 559 3000 choses
578 2950 622 3013 qui
659 2950 758 3010 liberte,
769 2951 873 3014 ajouter

266 3075 395 3122 N'ontorrgonr
404 3076 494 3116 toutefois
507 3078 526 3114 ni
536 3079 628 3128 rotreoeit
635 3080 654 3115 ni
670 3081 688 3118 te
698 3080 750 3118 irriso

199 3133 203 3138 '
267 3123 317 3162 nm·
326 3136 348 3161 ee
357 3124 437 3175 pretend
445 3125 509 3164 rhime
520 3128 545 3163 ort
555 3137 603 3164 nour
608 3139 708 3177 imroyour
714 3130 762 3170 rien.
773 3132 865 3180 (OEdipr.)

200 3235 212 3266 ¹
228 3232 368 3297 «Signis»
383 3231 510 3284 miracles.
660 3241 718 3299 eat,
737 3243 785 3288 ete.
805 3256 816 3282 a
838 3235 990 3288 Traduetion
1019 3233 1050 3284 de
1073 3233 1117 3294 ,Le

202 3298 212 3326 ⁵
225 3315 237 3340 a
250 3295 314 3348 Dum
332 3293 424 3358 judicto
437 3295 533 3358 piacita
543 3293 623 3358 expli·
659 3297 762 3348 Meistre
772 3299 803 3349 de
818 3302 895 3364 saep:

315 3423 366 3460 ‘roua
378 3429 439 3458 errent
453 3419 498 3468 qut}
514 3425 542 3457 eu
554 3421 610 3466 Dieu,
625 3433 662 3469 qu·
675 3434 707 3461 ron
722 3425 802 3471 pouroir
818 3431 904 3472 rugum.

313 3471 388 3508 Frirrut
403 3476 444 3506 tout
458 3482 479 3506 ce
493 3469 539 3516 qu’il
552 3475 603 3512 veut,
617 3482 640 3506 ne
654 3469 688 3508 t'ait
700 3470 741 3506 rien
755 3484 791 3519 qua
805 3473 828 3509 d·
841 3475 898 3522 jueta,

253 3541 256 3550 r
316 3521 340 3556 Et
354 3528 391 3568 que
408 3517 454 3554 onim
469 3529 496 3553 rer
510 3523 578 3554 recreta
592 3528 611 3551 ιι
627 3517 682 3554 haute
697 3517 773 3566 nrrjertt

318 3569 364 3606 i’eut
379 3569 421 3606 rnen
433 3567 516 3616 ehoquer
532 3574 564 3602 nos
578 3575 627 3609 reris,
642 3565 689 3604 mair
701 3577 737 3603 non
751 3578 783 3618 pan
796 3567 885 3617 i'tquitt,
980 3565 985 3582 ’
