2496 4022
378 210 470 262 SMNT
487 211 601 264 Pnueln
617 211 658 264 DE
674 209 763 266 Noun.
1013 215 1050 268 37*

183 334 270 399 Nulla
283 337 318 400 ub
331 335 487 403 inhumano
499 341 748 424 morum'contegia
758 341 835 404 ducit

186 418 316 500 Hospite.
331 415 473 481 Sed'mihi
486 437 535 480 cur
549 419 586 481 sit
598 419 631 480 eh
643 419 690 484 illo
703 421 818 484 nomine
831 423 937 488 crimen
996 431 1044 480 ¹⁰⁰

185 497 243 568 Qui
256 497 366 560 diversa
381 497 452 570 eolo,
467 507 499 558 ut
511 499 594 574 colui,
608 499 688 561 loca¹
702 501 797 582 juncta
811 523 844 564 su
867 501 938 565 erbis

186 576 320 650 Urbibus,
334 583 363 639 et
375 575 606 641 letis'hominum
619 579 796 642 celeberrima
809 524 889 646 cuddis
897 584 926 642 ¹?

188 657 226 718 nt
240 661 264 717 si
275 655 437 718 Vasconicis
449 655 519 718 mihi
531 655 588 720 vita
602 657 699 720 fuisset
711 659 741 720 in
755 659 822 740 oris,

189 735 250 797 Cur
261 757 330 808 non,
349 755 427 798 more
441 756 504 798 meo
518 736 610 820 potids
623 737 750 812 formata,
765 739 869 804 ferinos
911 806 914 820 ,

190 815 314 877 Poneret
322 817 345 888 ³,
359 813 389 876 in
401 823 511 878 nostros
524 816 647 898 migrans
661 838 730 900 gens
742 819 867 899 barbam,
880 821 968 885 ritus?
1002 830 1049 875 ¹9⁵

236 975 308 1036 Ante
320 973 430 1036 habitos
442 991 543 1050 mores,
558 993 610 1036 neo
623 995 733 1056 semper
744 977 857 1040 flectere
869 978 955 1040 vitam

193 1052 308 1116 Crimen
317 1053 544 1136 habet-namque
552 1063 594 1114 est
606 1053 682 1116 laudi
693 1055 765 1116 hene
776 1064 900 1119 uertere:
913 1076 998 1138 quum
1009 1076 1054 1117 me

195 1135 378 1194 lmmutatum
393 1132 483 1208 audis,
497 1134 622 1200 studium
635 1133 815 1218 officiumque
828 1137 966 1218 require‘.

179 1245 183 1252 ⁴
195 1213 229 1274 Si
243 1233 326 1294 pravo
341 1220 461 1286 rectum,
475 1213 499 1274 si
507 1211 650 1294 ,relligiosa
664 1213 796 1295 profanis,
925 1225 927 1230 “

197 1293 320 1354 Luxurie
335 1311 450 1375 parcum
460 1295 482 1365 ὅ,
496 1293 570 1374 turpi
582 1300 704 1354 mutatur
717 1292 884 1371 honestum;
1005 1315 1056 1361 200

198 1371 311 1455 Segnis,
326 1372 413 1448 iners,
426 1370 560 1434 obscurus
574 1392 625 1454 ago
640 1394 646 1432 :
662 1371 793 1436 miserere
804 1375 907 1438 sodalis

199 1453 232 1513 ln
245 1451 318 1514 mala
332 1451 471 1534 perversi;
483 1450 617 1530 blandum
631 1451 716 1515 lioet⁶
727 1454 768 1516 ira
781 1464 923 1536 parentem
961 1483 965 1488 ·

199 1532 318 1604 Excitet,
333 1537 365 1592 ut
378 1531 487 1608 lapsum
500 1531 583 1592 rectis
597 1531 731 1600 instauret
743 1536 867 1597 amicum

199 1610 336 1685 Moribus,
349 1618 378 1672 et
391 1610 499 1672 monitu
513 1618 620 1692 reparet
635 1613 770 1674 meliora⁷
783 1635 890 1677 severo.
961 1609 966 1652 ἶ

230 1773 266 1832 nt
277 1771 299 1832 si
310 1769 769 1912 iortditidemmuodlegdetcffiuod
779 1765 984 1863 sequor,audis,
1010 1783 1059 1828 205

202 1851 292 1927 Corda
306 1852 353 1933 pio
365 1849 474 1928 vovisse
488 1849 556 1924 Deo,
571 1852 700 1912 venerabi
710 1870 727 1912 e
739 1851 840 1914 Christi

202 1931 355 2012 Imperium
368 1929 450 1990 docili
463 1949 513 2010 pro
527 1928 688 1992 credulitate
701 1933 864 2008 sequentem
872 1933 895 2000 ⁰,

205 2013 430 2090 Persuasumque
444 2007 493 2072 Dei
510 2007 625 2068 monitis
639 2009 740 2066 aeterna
752 2005 843 2146 Kerari

131 2095 134 2103 '
206 2089 322 2152 Praemia
336 2087 445 2149 mortali
453 2092 486 2161 ¹⁰,
501 2085 610 2147 damnis
625 2083 752 2168 presenti
772 2105 804 2148 us
816 2091 926 2168 empta,-

206 2167 269 2230 Non
283 2187 346 2230 reor
359 2167 388 2228 id
399 2187 466 2228 seno
481 2167 521 2228 sic
535 2164 706 2248 displicuisse
718 2165 837 2248 parenti,
975 2234 979 2242 1
1012 2176 1061 2221 aro

206 2248 308 2312 Mentis
319 2258 352 2309 ut
365 2261 491 2310 errorem
500 2243 659 2316 credet-sio
669 2245 763 2306 virere
775 2244 895 2324 Christo,

207 2327 244 2390 Ut
256 2327 381 2390 Christus
394 2325 493 2387 sanxit.
508 2325 590 2386 Juvat
600 2324 666 2399 hoc,
678 2343 730 2386 nec
743 2325 858 2407 poenitet
871 2325 954 2408 hujus
990 2319 992 2323 ’
1149 2365 1153 2372 ,
1232 2351 1233 2414 Ξ

208 2407 316 2470 Erroris
332 2429 339 2467 :
357 2401 844 2486 stultusdiversasequentibusesse
899 2443 921 2457 ,-
1047 2469 1049 2472 ,
1083 2400 1085 2404 ’

209 2485 255 2548 Nil
268 2503 362 2548 moror
372 2485 408 2560 ¹¹,
425 2492 528 2547 eterno
541 2505 604 2546 mea
618 2484 684 2545 dum
697 2489 720 2522 ¹¹
732 2485 869 2546 sententia
882 2485 942 2566 regi
1104 2525 1108 2532 .

148 2657 158 2686 ¹
178 2653 298 2705 universa
307 2650 397 2702 colo.·..
411 2647 477 2709 loon,
497 2649 582 2710 »j'hu
606 2645 857 2716 emelioraticn,qu'il
870 2647 894 2698 le
903 2648 979 2700 rende
990 2651 1069 2702 meil-

114 2719 182 2779 btte,
198 2727 297 2766 commo
306 2713 438 2773 autrefois,
455 2713 498 2761 des
514 2711 582 2761 lieux
606 2711 669 2762 leur.

115 2783 172 2831 tout
182 2783 276 2834 autres.
641 2775 652 2804 ⁸
670 2791 681 2817 ι
700 2771 770 2832 Quod
792 2771 851 2834 legi,
872 2789 884 2818 r
908 2785 936 2823 oe
963 2785 1011 2836 que
1026 2776 1068 2835 rar

150 2841 189 2884 ¹«
209 2837 446 2900 colossensium
466 2835 582 2886 cultivcs.
609 2833 696 2884 chuisi.

150 2903 161 2934 ³
177 2922 190 2947 ι
200 2902 334 2951 poneret.»
347 2918 359 2942 r
370 2901 462 2950 Ponere
473 2915 484 2942 n
497 2901 534 2948 cst
551 2899 582 2946 lot
641 2895 653 2926 ⁹
671 2896 827 2946 construisea
839 2915 871 2946 :a
892 2897 964 2946 audis
987 2897 1068 2960 (sous

117 2961 342 3028 tespnonyrnodee
351 2961 483 3024 deponere,
494 2961 584 3022 »oun-
610 2959 718 3008 entendu
734 2975 745 3001 u
761 2970 801 3006 me
815 2976 826 3001 o
839 2959 848 3021 ]
863 2963 1009 3020 sequentem
1021 2963 1075 3010 im·.

117 3025 331 3086 teurenoncera.
498 3035 500 3040 ·
610 3023 709 3082 perium
730 3020 1070 3074 venerabitcchristi...vo-

149 3090 159 3120 ⁴
180 3107 192 3133 ι
208 3087 357 3136 Studium...
380 3084 479 3144 renone
489 3101 520 3140 ,»
544 3081 584 3132 tn·
610 3084 676 3132 visse
689 3081 762 3130 corda
776 3085 815 3143 pio
828 3081 911 3148 Iton.»

115 3151 243 3203 torma-tor
262 3149 358 3228 denies
383 3147 466 3208 ponte,
486 3145 529 3196 des
542 3145 583 3194 de·
628 3143 683 3218 ’,ἦα
703 3143 809 3202 pronon,
823 3162 835 3186 ι»
853 3145 868 3192 o
887 3143 1011 3208 l'hornme
1029 3147 1070 3208 (en

115 3209 585 3334 'termentumsuborta.
609 3204 1078 3332 {rettinendum}u⁰⁸².

116 3340 225 3395 rement,
248 3339 276 3384 et
292 3331 393 3394 stgnffie
413 3331 582 3395 temperonce,
628 3330 650 3380 ’,Ι
671 3329 824 3378 «Stultus...
838 3330 874 3378 n'rl
894 3341 986 3388 moror,
999 3347 1011 3372 ιι
1023 3343 1079 3392 peu·

116 3400 233 3451 mortete.
510 3403 512 3411 ·
611 3391 1101 3454 m'irnponoo’etreunconsumens

145 3461 159 3492 ⁸
174 3477 188 3506 ι
201 3461 303 3520 unet,-
318 3453 336 3506 ti
346 3457 384 3506 ort
396 3454 497 3518 permis.
612 3455 643 3502 de
654 3465 717 3502 ceux
727 3455 770 3515 qui
788 3457 833 3502 ont
851 3453 894 3504 des
911 3452 984 3513 godis
996 3453 1080 3514 differ.
1136 3507 1142 3518 ,

146 3523 189 3568 ²·
205 3521 318 3585 {teperet
342 3515 493 3576 mellum,»
520 3514 581 3579 qu'tl
611 3521 689 3566 rents.
1047 3537 1050 3542 ·
1077 3543 1080 3551 ·

117 3578 230 3651 prdpnre,
240 3577 306 3645 qn’rt
319 3575 422 3640 menuge
432 3589 464 3628 en
478 3577 514 3628 tu'r
530 3590 588 3653 une
629 3573 653 3608 ¹²
670 3595 682 3621 ‹
696 3576 771 3638 oum,
783 3594 794 3620 n
806 3587 902 3640 pourru
914 3587 972 3638 que.
1076 3605 1079 3612 ,

934 3667 954 3724 3
