2562 4028
178 263 224 316 246
449 271 451 316 ἱ
467 263 583 314 PAULlN
600 263 640 314 DE
655 253 841 316 PERlGUEUX.

274 364 367 435 Quum
382 363 473 426 subitd
486 372 549 426 ante
562 366 656 426 oculos
676 363 750 446 large
763 365 890 428 mercede
899 359 1036 446 benignus
1051 364 1062 408 ¹

275 441 397 522 Adstitit,
414 439 499 525 inque
511 465 561 507 suc
573 445 813 525 vestituspuupere
824 441 949 506 Christus
1090 458 1126 503 90
1203 464 1208 473 ·

278 524 389 606 Aptavit
399 524 515 615 propriis
527 523 616 584 felicia
625 524 747 604 tegmina
761 521 903 584 membris.

276 601 299 664 0
314 601 377 666 verb
389 610 508 685 pretiosa
522 603 661 684 chlamys!
681 603 749 684 quid
762 602 816 664 tale
833 599 877 662 vel
890 611 964 664 ostro

183 683 187 688 ’
271 681 321 743 Vel
331 682 414 744 ducto
427 681 456 744 in
469 683 548 746 filum
557 685 648 764 pensis
660 682 832 744 rutilantibus
847 702 925 759 auru,
974 731 995 748 1.

273 761 399 852 lusignes
414 783 538 824 meruere
552 761 681 824 habitus?
693 761 759 842 quid
771 761 857 822 serica
872 769 945 822 tactu

274 839 374 912 Levia,
392 841 433 904 vel
448 840 527 904 docte
545 841 681 922 expressis
692 841 810 904 viventia
823 841 931 923 signis?
1091 856 1125 901 9⁵

275 919 482 981 lllehominum
496 926 629 1011 terraeque
640 921 725 998 Heus,
736 921 880 1000 pontique,
897 919 1019 1000 polique,

274 999 377 1060 Omnia
408 1001 437 1060 ui
447 997 551 1072 tribuit,
571 1021 629 1062 srne
644 1021 699 1080 quo
713 998 794 1069 nihil,
810 995 924 1080 ipsaque
937 999 1015 1079 cujus

273 1073 342 1149 Ouae
352 1020 488 1152 dedimus,
505 1079 546 1142 vel
558 1079 605 1160 qni
617 1079 754 1150 dedimus,
766 1077 938 1158 donumque,
949 1077 1093 1159 daturque,

275 1157 393 1240 diacope
408 1158 520 1233 ditatur,
535 1167 663 1220 numeret
672 1159 694 1220 si
706 1159 780 1220 lucre
792 1155 896 1220 salutis.

274 1233 333 1298 Nec
344 1246 438 1300 tamen
450 1235 515 1316 hinc
529 1239 627 1300 saltem
641 1237 766 1300 stabilem
777 1235 907 1318 jactantie
920 1248 1042 1298 mentem
1075 1253 1127 1297 tuo

275 1315 414 1390 Concinit,
431 1326 589 1378 autranum
604 1319 738 1400 persensit
748 1316 831 1379 corde
848 1323 997 1379 tumorem.

274 1393 297 1455 Ο
311 1393 397 1456 virtus
410 1393 529 1475 pretiosa
540 1395 607 1469 Dec,
619 1394 661 1459 nil
674 1397 773 1458 ducere
783 1395 857 1456 laudi

275 1472 367 1544 Quum
379 1471 515 1538 laudanda
530 1495 618 1555 geras,
633 1496 685 1536 nec
695 1481 788 1536 nostro
798 1473 953 1536 adscribere
965 1471 1037 1536 tacto

274 1549 342 1626 Quae
357 1551 484 1628 lecimus,
501 1561 654 1636 cunctoque
664 1553 755 1616 Deum
769 1553 904 1616 laudarier
915 1553 993 1615 actu!

321 1771 360 1818 ΙΙ.
377 1768 574 1819 invocationi.
590 1768 682 1814 saint
697 1765 816 1814 ltlarttn
841 1766 1019 1814 ressuscltc
1034 1779 1081 1812 un

585 1831 826 1878 catechumene.

276 1998 327 2061 llic
340 1999 423 2061 modd
435 1996 457 2060 sl
472 2005 596 2060 veterum
615 1997 767 2059 recolemus
782 1997 1008 2056 terminandum
1079 2011 1130 2055 105

276 2079 468 2150 Quumsubitd
481 2077 611 2139 attonitos
625 2083 769 2160 quaterent
779 2076 910 2136 miracula
924 2090 1031 2146 sensus,

275 2157 411 2218 Clamaret
425 2157 558 2217 miserum
569 2175 663 2217 vecors
677 2156 781 2216 insania
797 2157 807 2190 ²
820 2154 967 2228 Phoebum,

275 2235 334 2298 Nec
347 2235 448 2297 sineret
457 2235 538 2296 falsas
552 2236 649 2298 saltem
663 2237 835 2315 requiescere
844 2234 947 2303 llluses.

189 2359 193 2366 ·
277 2313 409 2396 Delphica
424 2315 561 2375 'mentito
574 2324 750 2397 quaterentur
758 2315 884 2396 Apolline
897 2312 1007 2394 templa,

207 2421 210 2428 ¹
278 2394 590 2474 Cunctaquesurdarum
605 2403 746 2476 raperetur
759 2393 838 2454 turbe
849 2411 986 2464 sororum,
1078 2411 1129 2456 tro

278 2473 394 2535 exeita·
408 2473 435 2534 vi
449 2483 539 2535 toturn
549 2474 718 2554 complerent
732 2481 853 2533 monstra
868 2471 998 2534 furorem.

277 2552 345 2625 Nos,
362 2553 461 2644 quibus
475 2573 490 2614 e
504 2552 611 2615 Christo
625 2573 723 2614 sensus
737 2552 781 2613 vel
794 2551 876 2612 verbe
888 2559 1028 2633 petuntur,

278 2631 449 2703 christicola.
464 2632 581 2723 inspires
595 2633 718 2714 paulum,
735 2629 860 2702 Martiae,
878 2649 1030 2714 precemur,

279 2711 320 2774 Tu
335 2713 383 2793 qui
397 2713 532 2774 defunctis
546 2712 657 2794 potuisti
668 2711 782 2772 reddere
796 2711 890 2782 ritem,
1036 2773 1039 2779 ,

278 2791 388 2852 Auxilio
401 2793 513 2854 Domini
527 2793 623 2862 lultns,
639 2791 710 2852 mihi
723 2789 808 2851 redde
823 2789 970 2850 salutem⁸.
1076 2805 1104 2854 11
1116 2809 1130 2854 s

187 2875 188 2879 ’
248 2929 249 2932 ,
280 2872 391 2932 Primus
404 2872 608 2954 egotindultae
617 2870 716 2932 faciam
731 2870 861 2931 miracula
878 2869 951 2932 vitae.
1090 2871 1094 2878 '

215 3085 253 3148 t«
266 3083 346 3154 burge
356 3083 473 3134 mercede
482 3084 613 3149 benignus.
626 3101 638 3128 »
678 3083 784 3133 retentir
796 3083 820 3132 le
831 3082 924 3144 temple
933 3081 964 3130 de
974 3049 1083 3144 Delplteb
1098 3081 1135 3130 du

182 3141 1138 3258 111111111111111111,

182 3217 392 3342 migdltlldbidrbt
410 3220 641 3338 mideerdm'lveeors
679 3239 1137 3338 1101116111111111111111111111111611·

183 3334 294 3390 insama.
309 3337 367 3388 ete..
379 3347 390 3374 1
404 3327 460 3378 leur
476 3329 534 3378 lolle
547 3341 639 3377 rvresse
679 3338 739 3378 trers
750 3329 809 3378 d'un
821 3329 949 3392 lcugneur
962 3329 1049 3378 delire.

182 3391 368 3464 inroqueraitd
379 3389 472 3453 grands
482 3389 542 3460 criu2
554 3390 585 3438 ils
601 3393 639 3438 ln·
710 3390 914 3498 :ffigllstemr’le
922 3389 1136 3500 seluttlcdep'ebmel.

183 3451 486 3624 {poddelbllbuiriedddnlbs
506 3449 639 3560 idldtdidd
679 3463 1139 3574 miedj’dlllilddilgriieinblc'lnlrdbbd:

203 3567 293 3626 benus.
678 3572 737 3620 leux
747 3572 823 3621 d'une
832 3573 872 3622 vic
882 3574 998 3624 racbetee
1005 3585 1051 3638 per
1061 3574 1095 3640 tpi
1107 3575 1139 3626 rte

215 3633 226 3668 ⁸
241 3655 252 3680 a
266 3633 458 3702 Delphicum,
469 3653 481 3679 ι
494 3629 524 3684 ils
533 3631 640 3710 leraiept
677 3645 715 3685 ses
725 3629 825 3709 peches
