2522 4024
552 157 644 210 811111·
661 153 784 210 onlnnr.

332 372 371 421 ΙΙ.
386 369 468 419 meu
485 377 560 418 veut
575 373 643 417 esre
659 369 740 430 pape
757 368 797 414 de
813 381 867 414 ses
882 368 1042 420 trientum
1058 383 1122 433 pun·

600 437 693 479 noue
709 443 837 479 mour.

290 604 398 667 Affectu
411 610 468 666 toto
482 603 646 672 Dominum,
657 601 779 684 totisque
793 601 934 676 medullis,

331 688 421 767 Atque
430 693 509 746 tuum
520 691 578 745 toto
588 683 672 766 dilige
684 681 769 744 corde
781 679 882 743 Deum.

291 765 326 827 n
337 767 410 828 recte
421 787 430 835 ;
443 763 511 846 quid
524 764 600 825 enim
614 763 717 903 poteris
732 769 762 824 tu
774 762 877 843 justids
890 781 1015 844 unquam

331 845 484 907 Obstrictos
495 845 579 906 tantis
590 863 620 904 so
631 862 695 905 vere
709 839 897 905 muneribus?
1118 860 1152 908 40

291 923 345 995 Oui
357 923 417 1002 tibi,
430 943 516 1006 quum
526 923 611 985 timus
622 922 773 986 terrentin
787 921 854 984 saece
865 921 982 1001 jaceres,

331 1004 455 1096 Dempsit
469 1003 595 1088 perpetui
608 1002 742 1086 temporis
757 1020 819 1064 esse
832 1001 922 1062 lutum
933 1009 962 1078 ¹3

291 1081 344 1154 Qui
358 1083 418 1157 tibr,
432 1082 507 1166 qudd
522 1083 654 1154 membris
668 1089 793 1155 5555155,
810 1080 885 1164 qubd
905 1088 1000 1144 mente
1015 1083 1149 1159 moveris,

332 1163 412 1234 Quod
424 1163 520 1246 tingut
528 1164 662 1245 loqueris,
675 1161 748 1244 qudd
759 1162 866 1222 ratione
880 1161 964 1243 sepis,

292 1240 373 1315 Quor
384 1243 513 1305 manibus
525 1243 628 1334 tangis,
643 1241 765 1324 graderis
778 1239 859 1324 pede,
875 1239 981 1303 lumine
993 1243 1104 1324 cernis,
1113 1259 1148 1306 55

330 1325 405 1384 Aure
415 1323 504 1396 audis,
519 1329 606 1384 sentrs
619 1321 743 1394 naribus,
755 1327 803 1382 or'e
815 1319 923 1403 probos,

291 1403 364 1463 Ante
375 1401 489 1484 aliquod
500 1402 643 1473 meritum,
657 1401 766 1483 proprit
780 1399 884 1483 pietate
895 1399 1046 1476 ministrat,

331 1481 460 1560 Corporis
471 1501 503 1544 uc
513 1481 614 1542 enimae
628 1481 669 1542 sic
683 1483 764 1542 Peter
777 1486 810 1542 ut
820 1478 975 1544 Dominus:

291 1561 326 1624 Et
339 1579 397 1626 non
411 1561 465 1623 boc
476 1561 534 1623 solo
550 1568 697 1622 contentus
708 1579 833 1634 munere,
850 1579 907 1642 quo
919 1567 947 1622 te

330 1639 462 1703 Instruxit
474 1640 618 1715 membris,
634 1639 761 1703 sensibus
772 1639 903 1716 excoluit,
1115 1658 1150 1704 5ο

292 1719 347 1792 Qui
360 1720 457 1784 tribuit
469 1721 566 1795 vitam,
579 1721 696 1804 largitur
708 1719 855 1782 commoda
867 1719 943 1795 vite,

332 1801 469 1866 Omnibus
482 1809 513 1864 51
525 1800 576 1864 tibi
590 1801 627 1864 sit
640 1799 754 1885 predita
768 1799 886 1864 deliciis.

291 1985 363 2049 Ecce
373 1985 424 2058 tihi
433 1985 535 2052 coelum
548 1984 660 2068 pendet,
674 1983 724 2048 tibi
737 1991 810 2048 terra
821 1980 937 2058 recedit,

332 2067 403 2127 Aera
416 2066 560 2134 libranum,
573 2065 689 2127 fluctuet
697 2063 838 2138 Oceanus,

292 2143 425 2206 Noctibus
435 2154 517 2226 etque
530 2144 594 2206 dies
602 2143 765 2225 succedunt,
778 2141 922 2206 mensibus
935 2142 1013 2216 anni,
1115 2161 1147 2206 55

333 2222 382 2284 Sol
397 2222 534 2304 splendet,
547 2223 641 2286 lucent
654 2222 755 2298 sidere,
771 2223 836 2290 1555
849 2221 942 2286 rubet.

292 2301 345 2364 Ver
357 2302 447 2364 varios
461 2302 594 2364 blandum
605 2299 747 2444 pertundit
757 2303 882 2386 germine
893 2300 997 2374 tlores;

330 2381 423 2443 AEstes
434 2382 514 2462 jam‘
527 2382 603 2464 gravi
623 2403 639 2444 5
653 2381 789 2446 fructibus
801 2404 863 2445 5555
878 2380 995 2524 οοῗυίῐς

290 2464 449 2526 Autumnus
461 2468 553 2525 musto
565 2461 703 2536 medidie,
719 2463 888 2546 praepinguis
901 2483 919 2524 o
930 2461 973 2524 ivd
986 2467 1046 2532 est;

332 2541 442 2624 ignibus
453 2541 572 2604 admotis
581 2542 681 2626 frigore
693 2543 781 2606 nescit
792 2541 895 2604 hiems.
1111 2557 1144 2602 oo

293 2620 431 2684 Imbribus
444 2622 568 2685 arcendis
580 2623 727 2686 confirmas
740 2622 860 2705 pendula
872 2629 962 2693 tecte3
1060 2635 1063 2638 '

334 2701 447 2784 ignoras
458 2709 556 2766 ventos
567 2703 672 2765 sedibus
684 2701 827 2786 oppositis,

293 2779 369 2842 Hirta
390 2802 426 2844 ue
437 2781 566 2864 lanigerae
579 2783 726 2867 depectens
739 2793 815 2865 terge
827 2781 947 2844 bidentis
996 2807 998 2814 ·

333 2801 462 2950 diuitibus
475 2862 623 2926 involucris
637 2863 726 2945 algida
739 2862 865 2925 membra
878 2863 959 2944 tegis.

293 2939 378 3003 Lemo
393 2957 446 3000 nec
457 2940 557 3002 desunt
568 2943 644 3004 nivei
656 2942 793 3008 velamina
803 2942 865 3020 lini,
1112 2959 1144 3006 55
1245 2965 1246 2986 ¹

261 3099 263 3106 Ι
313 3017 407 3108 'Sunt
420 3019 504 3084 etiem
513 3020 571 3082 eois
582 3022 664 3103 pallia
676 3022 842 3086 velleribus:
1082 3027 1085 3034 '

214 3240 246 3314 ¹¹·
261 3235 433 3289 construisez:
452 3255 465 3281 ι
479 3235 526 3295 Qui
546 3233 655 3308 dempsit
689 3236 746 3311 l'ett
769 3251 801 3290 eu
823 3237 974 3313 printemps.
997 3233 1016 3284 11
1046 3224 1143 3346 Ἧι

200 3301 319 3375 5155555
338 3301 422 3351 lutum
447 3304 563 3363 perpetus
589 3305 653 3349 tem-
685 3308 952 3412 stupes,ogpessuozrffigt·ie
953 3317 984 3410 ἧς
994 3298 1144 3420 115515)Ψῶ

199 3379 277 3473 popm.
288 3383 346 3477 inm
362 3444 374 3471 ι
393 3430 430 3477 est
444 3422 476 3475 ici
492 3419 599 3472 adverbe
618 3422 649 3472 ds
685 3375 792 3472 seorim
804 3424 842 3473 les
855 3422 964 3486 syllabes
979 3421 1069 3472 breves
1087 3419 1142 3484 1²¹&

200 3495 284 3558 temps
294 3499 320 3544 et
328 3503 431 3558 maeque
440 3487 464 3540 15
471 3483 608 3540 successiou
617 3484 648 3541 dc
683 3483 741 3536 odes
758 3484 774 3532 5
792 3484 927 3554 lucemus.
