2496 4022
714 75 786 127 Nx
796 128 804 134 ᾖ
831 130 846 136 ἢ,

384 237 477 288 SAlNT
493 239 610 288 Pnuulu
627 239 668 290 DE
684 237 776 292 NOLE.
1031 242 1068 290 ,39

199 340 351 423 lnorepitot
365 338 433 400 tuba
447 346 522 401 vasta
537 340 612 422 polo,
621 357 686 404 ¹non
700 343 787 426 possit
800 343 829 404 in
843 361 923 406 auras
1014 353 1065 397 ²²5

199 420 287 502 Regis
301 419 336 481 ad
354 437 502 480 occursum
515 419 624 481 levibus
638 439 668 483 se
683 422 777 484 tollere
790 423 903 504 pennis,

198 501 275 562 luter
289 501 399 561 honora
410 498 507 560 volans
521 509 680 561 sauctorum
695 502 781 563 millia
795 503 883 576 oculo,

199 579 254 652 Qui
267 579 415 662 perinane
429 577 514 652 leves,
533 597 625 671 neque
639 581 737 642 mundi
752 583 884 660 compede
899 581 1005 642 vinctos

199 659 292 722 Ardua
307 660 337 720 in
352 667 424 719 ostro
439 659 525 740 pedes
539 658 612 720 sacili
627 660 771 722 molimine
783 661 891 735 tollent,

198 739 234 806 Et
247 739 350 800 moeris
363 737 435 801 vecti
452 757 501 819 per
514 738 603 799 sidera
618 739 737 801 nubibus
751 741 838 811 ibunt,
1013 747 1065 792 2⁴0

143 817 150 860 ἶ
200 817 353 880 Goelestom
365 826 397 878 ut
409 817 502 879 medio
515 827 682 880 venerentur
696 819 725 880 in
738 837 801 880 aera
814 839 924 902 regem,

201 896 334 979 Claraqrro
347 897 460 958 adorato
472 897 642 980 conjungent
654 901 766 980 agmina
782 899 901 964 Cluisto.

239 1055 289 1118 Hic
304 1064 398 1120 metus
415 1063 466 1130 est,
483 1057 562 1118 labor
575 1057 639 1130 iste,
653 1057 713 1119 dics
726 1077 763 1120 nc
774 1078 820 1120 me
833 1059 947 1120 ultimus
959 1059 1025 1121 atris

200 1135 329 1220 Sopitum
344 1135 467 1198 tenebris
480 1137 566 1197 sterili
581 1137 734 1218 deprendat
748 1138 778 1197 in
792 1145 872 1211 actu,

119 1219 122 1224 ’
198 1217 332 1298 Tempora
346 1215 399 1278 sub
413 1216 506 1276 vacuis
519 1216 667 1278 ducentem
678 1215 783 1298 perdita
798 1217 881 1280 carris
1012 1226 1063 1273 245

199 1295 269 1357 Nam
284 1295 353 1378 quid
364 1296 468 1376 agam?
484 1295 579 1356 Lentis
590 1297 613 1356 si
629 1295 696 1356 dum
711 1297 847 1358 conniveo
860 1298 941 1375 votis,

199 1375 325 1438 Christus
338 1375 372 1436 ab
387 1373 519 1436 aetherit¹
534 1374 603 1435 mihi
618 1375 743 1457 proditus
754 1397 816 1439 arce
828 1384 967 1450 coruscet,

198 1455 234 1516 Et
245 1455 343 1517 subitis
357 1453 470 1515 Domini
484 1455 558 1515 coelo
572 1455 708 1516 venientis
722 1465 815 1538 aperto

198 1535 373 1596 Prostrictus
384 1533 482 1603 radiis,
492 1533 613 1596 'obscuro
627 1543 654 1596 et
667 1535 753 1596 tristia
767 1537 856 1598 noctis

198 1612 336 1696 suffugia,
355 1613 434 1674 illato
447 1613 580 1675 confusus
591 1613 708 1686 lumine,
724 1617 869 1696 queram?
1011 1623 1061 1672 250

198 1693 278 1764 Ouod
293 1692 362 1753 mihi
376 1712 413 1754 ne
426 1693 556 1774 pareret²
573 1694 616 1755 vel
631 1693 785 1757 diffidentia
797 1697 873 1768 veri,

197 1772 249 1834 llel
263 1773 406 1854 prasentia
420 1791 499 1833 amor
513 1772 577 1834 vite
591 1793 740 1854 rerumque
754 1776 891 1855 voluptas,

197 1852 369 1914 Gurnrumve
383 1851 470 1926 labor,
487 1851 591 1933 placuit
604 1860 768 1934 prevertere
783 1873 863 1913 casus

197 1931 355 2012 Proposito,
372 1939 400 1993 et
414 1950 493 1994 curas
507 1931 589 1992 finire
603 1931 750 2020 superstite
762 1931 835 2000 vite,

197 2010 419 2092 Commis'oisque
432 2011 490 2072 lleo
504 2023 625 2071 ventura
634 2028 664 2068 1n
675 2007 774 2070 secula
789 2006 883 2079 rebus,
1011 2013 1060 2061 255

193 2089 365 2173 Exspectare
378 2100 488 2152 trucem
505 2108 602 2151 securo
616 2095 728 2170 pectore
745 2095 875 2150 mortem.

198 2167 231 2231 Si
246 2170 334 2251 placet
346 2169 410 2244 hoo,
427 2177 533 2252 gratare
544 2168 584 2229 tui
600 2188 648 2248 spe
660 2167 742 2229 divite
755 2167 853 2239 amici3

196 2249 229 2312 Si
245 2260 340 2314 contre
353 2256 405 2325 est,
423 2249 532 2312 tlhristo
545 2250 715 2310 tautum‘me
729 2247 823 2330 linque
839 2243 959 2328 probari.

432 2461 475 2509 n.
493 2460 638 2508 Ausonio
654 2459 826 2508 renunes.

234 2627 399 2692 Continuata
414 2649 486 2691 mooe
502 2629 600 2692 durare
610 2628 721 2690 silentia
732 2627 847 2710 lingum,

193 2709 232 2772 Te
249 2729 394 2792 nunquam
408 2709 504 2783 tacito,
519 2728 675 2781 memoras;
689 2707 875 2789 placitamque
887 2704 1002 2768 latebris
1011 2715 1061 2760 26⁰

193 2788 335 2850 Desidiam
351 2790 509 2870 exprobras
526 2788 718 2869 neglectaeque
732 2785 848 2868 insuper
860 2785 940 2848 addis

191 2867 329 2930 Crimen³
348 2868 478 2930 amicitiae
491 2891 498 2941 ;
514 2867 748 2958 formidatamque
758 2865 902 2948 jugalem*

191 2946 306 3030 Objicis,
322 2955 350 3010 et
364 2949 466 3012 durum
478 2947 547 3030 jacis
561 2948 668 3019 inmea
682 2965 786 3007 viscera
801 2965 925 3008 versum.

190 3025 288 3102 Parce,
304 3047 413 3110 precor,
428 3027 552 3089 lacerare
567 3035 658 3092 tuum.
674 3045 727 3088 neo
741 3045 834 3089 amara
846 3024 970 3166 paternis

189 3104 353 3168 Admiscere
367 3108 453 3180 velis,
472 3125 524 3168 ocu
539 3106 615 3168 melli
632 3105 782 3177 absinthio,
800 3125 849 3166 ver
870 3105 903 3166 is.
1010 3112 1062 3158 roc

189 3185 263 3248 Cura
278 3187 349 3250 milri
363 3201 476 3270 semper
487 3187 540 3250 fuit
554 3194 582 3249 ct
595 3191 702 3266 manet,
719 3184 819 3246 officiis
833 3192 861 3246 te

134 3353 286 3408 'acerranos
304 3357 336 3408 ab
349 3331 467 3431 ¹ethome,
479 3375 492 3402 ι
511 3325 557 3432 ete
584 3353 721 3416 sublonetll
739 3355 780 3430 =do
803 3373 816 3398 a
834 3355 911 3428 parto.
932 3371 942 3396 o
977 3371 989 3399 ι
1012 3353 1063 3404 nll-

105 3407 505 3535 ffifflffiffiffi
512 3433 560 3532 ppt
584 3418 699 3530 lflpllemla,
715 3415 895 3475 umcredulrtt,
910 3427 1021 3478 manuue
1033 3417 1063 3466 dc

107 3531 127 3582 lt
131 3545 188 3627 petlt
196 3543 304 3594 nombre
314 3544 358 3595 des
369 3544 446 3594 elus?
527 3567 528 3570 ¹
621 3541 632 3571 ⁵
646 3559 659 3586 s
670 3540 780 3599 crimen,
793 3555 804 3583 a
816 3539 968 3612 nopusatlom
982 3540 1065 3604 guel..

158 3605 300 3668 deteret,
324 3624 337 3650 ι
369 3605 499 3670 lmpnrtalt
529 3605 563 3655 du
623 3601 937 3664 *atugalemaepooae

1018 3813 1059 3876 δ’)
