2566 4028
189 120 235 166 rto
514 114 630 166 l’lEltllE
648 113 817 164 torturus).

284 214 354 276 llinc
367 231 419 275 neo
431 212 459 274 iu
469 212 591 274 adversis
598 213 672 295 justo
686 213 782 274 solatia
792 211 900 286 desunt,
1107 225 1145 278 '1⁵

323 293 359 355 Ut
371 293 442 354 malo
452 294 524 354 sint¹
541 293 625 374 etium
634 313 721 375 quum
735 293 804 354 sciet
814 314 874 356 esse
886 293 1006 355 bonum.

281 374 361 436 Jussa
391 373 514 436 otestatis
523 380 640 434 terrene
652 373 823 434 discutienda
835 399 843 432 ι

323 394 448 517 Goelestis
462 453 511 514 tibi
523 474 588 514 mox
601 452 770 533 perficienda
784 453 864 515 scies.

282 533 313 596 Si
347 534 391 595 uis
403 533 504 602 divinis
513 532 630 616 jubeat¹
646 533 886 612 contremuimus,

322 555 361 675 lle
375 621 469 675 contre
481 612 632 674 Dominum
645 613 734 694 pactio
749 614 824 674 nulla
838 613 938 679 trahat.
1112 633 1149 678 80

282 693 349 765 Quae
361 693 411 754 tibi
422 699 453 754 tu
467 713 524 754 non
535 694 575 754 vis
587 692 657 765 fieri,
672 713 708 754 ne
723 693 819 755 leceris
829 693 896 755 ulli:

321 773 389 845 Quae
402 773 462 836 fieri
477 773 526 835 tihi
543 773 595 848 vis,
611 773 671 834 haec
682 793 793 856 quoque
807 773 850 834 fao
863 771 935 836 aliis.

279 929 379 992 Omnia
392 928 462 991 done
475 930 526 992 Dei
538 931 708 993 transcendit
720 951 801 993 verus
815 930 921 992 amicus
931 935 953 991 ³:

319 1008 427 1071 Divitiis
441 1011 547 1071 cunctis
560 1011 756 1073 anteferendus
770 1010 817 1072 hio
828 1018 880 1072 est.

279 1088 377 1151 Nullus
390 1109 494 1172 pauper
507 1090 559 1152 erit
570 1092 699 1153 thesauro
714 1090 843 1173 preditus
856 1091 918 1162 isto,
1107 1107 1141 1156 cs

320 1167 372 1240 Qui
387 1174 442 1250 quo
456 1170 542 1232 rarior
554 1179 606 1242 est,
621 1170 675 1232 hoc
686 1171 831 1262 pretiosior
842 1179 894 1232 est.

280 1247 353 1312 Sunt
365 1251 445 1311 multi
458 1251 566 1325 tratres,
580 1252 629 1313 sed
643 1252 672 1312 in
685 1250 739 1312 illis
755 1270 831 1311 rarus
844 1249 967 1312 amicus:

318 1330 375 1391 Hos
386 1339 480 1391 natura
494 1340 578 1408 creat,
590 1333 677 1413 gratia
688 1330 791 1412 praebct
804 1350 880 1391 eum.

276 1406 308 1470 Si
322 1419 401 1491 roget
412 1420 460 1471 aut
473 1409 555 1473 faciat
569 1412 716 1493 quisquam
730 1411 805 1502 quod
818 1410 899 1471 laedet
912 1409 1076 1492 honestum,

317 1488 403 1550 Metus
418 1504 447 1551 et
456 1490 547 1571 legem
557 1491 655 1552 transit
664 1490 802 1552 amicitie.
1103 1509 1138 1556 ⁹0

277 1568 413 1630 Exaudite
424 1590 519 1652 preces
534 1570 678 1631 inhonesto
692 1572 814 1651 rogantis
828 1570 920 1646 amici,

318 1647 367 1710 Est
381 1648 415 1710 ab
430 1649 557 1711 amicitie
571 1651 640 1711 calle
653 1650 756 1712 referre
789 1650 885 1722 edem3

278 1727 343 1790 Plus
356 1735 450 1791 tamen
463 1730 579 1806 offendit
593 1733 639 1812 qui
653 1731 728 1812 cogit
741 1671 786 1791 al]
790 1731 849 1791 iste'
856 1728 990 1811 rogando,

317 1808 406 1880 Quem
418 1809 465 1891 qui
478 1830 644 1872 consensum
659 1810 706 1871 det
724 1830 806 1892 precp
820 1809 908 1870 vietus
919 1809 970 1870 eis.

276 1887 390 1950 Nullum
404 1898 432 1952 tc
445 1891 581 1952 Dominus
594 1891 657 1967 plus
669 1892 752 1970 qutm
766 1897 794 1951 te
808 1890 883 1971 cogit
895 1909 1007 1963 emere3
1099 1907 1133 1954 es

316 1969 423 2044 Necte,
440 1972 565 2053 quisquis
580 1978 607 2032 tc
620 1971 711 2052 turpia
721 1977 824 2052 poscat,
840 1977 925 2030 amet.

276 2046 377 2122 Turpia
392 2070 428 2111 ne
441 2050 536 2124 facies,
550 2050 598 2112 sed
610 2054 680 2112 vites
694 2055 805 2132 propter
818 2051 949 2123 amicum,

317 2128 347 2189 Si
361 2130 439 2212 cupis
453 2139 484 2191 ut
494 2131 558 2193 vere
572 2131 609 2192 sis
621 2129 757 2210 pretiosus
770 2130 807 2190 ei.

274 2207 400 2284 Turpiter
412 2219 526 2272 excusat
538 2230 639 2271 noxam
653 2228 736 2290 quem
750 2219 861 2292 propter
872 2208 995 2270 amioum

315 2287 338 2346 Α
353 2307 382 2348 se
397 2286 469 2349 hano
483 2290 618 2350 committi
636 2289 725 2351 dicere
738 2308 795 2352 non
806 2289 918 2370 pudeat.
1080 2307 1130 2356 roo

195 2401 204 2414 ·
273 2369 391 2446 Propter
403 2367 553 2429 amicitiam
568 2368 592 2429 si
604 2368 670 2508 puid
685 2369 850 2431 commisero
863 2369 926 2442 vile,

312 2445 354 2507 Re
365 2447 438 2528 turpi
451 2447 592 2529 pulchram
616 2448 690 2526 oedo,
703 2449 829 2530 maltque
840 2448 953 2511 bonam.

273 2525 371 2588 Debita
384 2535 451 2589 sunt
463 2531 547 2610 qutm
561 2528 632 2590 done
649 2527 737 2610 magis
750 2548 812 2610 quae
823 2529 922 2590 dautur
935 2529 1065 2604 amico⁸3

314 2606 360 2669 Nil
371 2616 464 2670 tamen
476 2617 517 2670 est
530 2629 586 2692 quo
599 2609 660 2694 plus
674 2628 730 2670 non
746 2618 884 2670 mereatur
896 2629 973 2670 amor
982 2614 1004 2670 ⁶.

211 2754 219 2788 ¹
232 2755 503 2817 immaterialem»
516 2759 635 2823 puisqu'il
693 2760 705 2790 ¹
724 2759 771 2808 «Si
782 2759 839 2822 quis
848 2758 1044 2870 divinisp'lubeat,
1054 2764 1127 2809 etc.»

178 2814 338 2886 saitqu’ilest
348 2819 453 2889 hocque
465 2820 487 2870 le
496 2823 633 2872 melexiste
663 2821 736 2871 Actes
749 2823 791 2892 cler
801 2821 918 2884 Apttrer,
932 2835 946 2871 o
968 2857 973 2869 .
987 2834 1011 2879 v,
1031 2834 1056 2870 v.
1074 2824 1127 2892 ²9}

178 2880 633 2994 tritttttlltltsstttruttl
660 2883 936 3009 tutlsslltitrttt
965 2883 1015 2932 ⁰⁶⁰
1044 2894 1128 2947 “¹³⁹⁸

322 3038 385 3083 Qu‘un
401 3041 437 3078 cml
448 3043 538 3080 reritolrle
551 3053 577 3083 ert
586 3059 624 3084 uno
633 3045 694 3083 donce
705 3044 772 3083 chore!

325 3087 340 3124 ll
349 3088 430 3128 clrcrclre
439 3103 471 3127 vor
481 3092 555 3130 besoins
563 3107 587 3131 cu
598 3095 642 3132 rond
651 3094 674 3131 (lc
685 3100 737 3132 rotro
747 3107 813 3133 eccur:

371 3139 439 3176 llvour
448 3140 528 3188 r'rptrgue
537 3142 554 3179 lu
563 3144 641 3200 pudcur

370 3189 398 3224 Do
408 3190 434 3226 les
442 3188 469 3225 lui
481 3188 582 3228 uecoumr
590 3201 715 3234 vous-meme.

365 3237 395 3275 Un
404 3249 469 3285 conge.
478 3249 504 3274 un
514 3241 566 3288 rien,
576 3247 617 3278 tout
626 3243 653 3280 lui
663 3245 698 3282 luit
708 3255 763 3293 pour,

370 3285 438 3332 Qucod
446 3287 459 3324 il
468 3285 520 3334 rugit
530 3287 555 3326 tle
566 3301 588 3325 ce
598 3291 644 3338 qu'il
654 3296 713 3331 elme.
795 3294 923 3332 erorrerru.
980 3329 983 3337 .

206 3361 223 3432 ⁴¹
234 3363 391 3416 coustrulsoz
408 3380 415 3414 ε
437 3383 450 3413 «
465 3367 526 3425 Quae
543 3368 636 3419 dantur
694 3371 875 3422 *construisez
887 3387 894 3423 r
905 3374 1005 3424 «Amor
1014 3387 1065 3437 quo
1074 3387 1127 3426 non

174 3433 254 3472 amico
275 3433 335 3476 sunt
354 3427 437 3479 debita
458 3429 538 3492 magis
557 3432 635 3494 quum
662 3439 791 3483 mereatur
810 3435 867 3496 plus
887 3436 974 3498 (qutm
994 3436 1071 3498 dona)
1090 3439 1126 3492 uil

173 3481 246 3535 dona.
662 3500 737 3560 est‚»
758 3495 862 3546 l'umiu't¹
883 3511 928 3562 per
943 3497 1051 3562 laquelle
1062 3499 1082 3548 il
1094 3513 1126 3552 ne
