2518 4042
396 265 488 320 surus
503 255 748 323 eonrvemunsss

285 363 370 426 Unica
388 367 518 440 suavitas,
531 367 613 431 unica
632 367 759 444 dulcedo,

282 445 414 508 Cordium
430 447 584 507 amantium
602 447 729 509 salutaris
748 447 859 530 praedo,

282 529 384 588 'lotum
404 526 537 609 quidquid
554 527 643 589 liabeo
656 528 700 590 vel
715 549 788 604 sum,
809 526 859 588 tibi
874 525 955 600 dedo,

281 606 407 688 lienique
425 606 580 688 depositum
595 627 690 668 meum
709 607 757 669 tibi
773 605 895 673 credo.»

285 778 334 841 0ci
352 783 443 838 cantat
452 777 507 838 tale
524 781 592 838 cor¹
609 777 732 860 gaudens
753 777 782 839 in
800 782 936 860 pressura,

288 857 398 928 Dicens
415 857 479 938 quia
500 856 616 939 dignum
638 866 689 928 est,
706 865 737 918 ut
761 862 910 918 aorcaturi

287 937 422 1019 [illigatur
442 936 534 1020 opifex
553 937 614 998 talis
636 945 730 998 mente
746 942 826 1019 pura,

283 1017 316 1079 Ei
337 1022 445 1098 quum‘
460 1015 595 1078 exstiterit
612 1015 647 1078 de
664 1036 694 1078 se
709 1023 785 1078 tanta
803 1034 878 1084 cura.

289 1185 337 1249 Sic
357 1208 437 1249 mens
455 1186 509 1249 hoe
523 1186 678 1249 diluculum
696 1186 794 1249 transit
809 1183 977 1260 meditando,

290 1266 345 1329 Sed
364 1267 398 1328 ad
415 1267 533 1348 primam
552 1267 720 1328 transferens
737 1285 834 1329 vocem
855 1265 1009 1346 exaltando,

286 1347 409 1429 Tempus
428 1346 594 1430 acceptabile
612 1348 656 1430 pid
676 1346 852 1416 mminando,

284 1428 316 1489 ln
334 1447 390 1510 quo
410 1427 487 1488 venit
505 1426 641 1510 Dominus
663 1444 746 1488 earne
763 1446 794 1487 se
811 1424 938 1489 velando.

282 1595 359 1655 Tunc
379 1593 508 1677 liquescit
525 1594 617 1656 anima
638 1602 694 1657 tota
710 1615 760 1676 per
774 1614 908 1671 amorem,

209 1689 214 1728 1
287 1673 388 1734 Pavida
401 1674 580 1736 considerans
594 1675 720 1736 omniurn
735 1685 888 1749 auctorem,

284 1753 446 1835 Vagientem
461 1774 588 1836 puerum,
602 1755 678 1835 juxta
693 1764 819 1816 nostrum
833 1775 951 1832 morem,

286 1833 321 1894 Et
335 1853 431 1895 curare
445 1841 568 1896 veterem
581 1834 651 1896 velle
665 1855 695 1896 se
708 1833 870 1917 languorem
879 1840 901 1895 ⁸.

289 2002 404 2064 Plorans
418 2022 484 2086 ergo
499 2001 619 2064 clamitat
633 2025 640 2061 ι
657 2025 672 2061 n
689 2002 712 2065 0
726 2001 788 2064 lons
802 2002 920 2084 pietatis,

289 2081 357 2152 Quis
372 2089 399 2143 te
413 2081 511 2164 pannis
525 2081 616 2143 induit
628 2081 696 2144 dirae
710 2082 894 2165 paupertatis?

290 2162 351 2224 Tilri
366 2162 429 2244 quis
444 2161 583 2222 consuluit
596 2161 635 2223 sic
649 2171 676 2223 te
690 2162 755 2223 dare
769 2163 864 2244 gratis,

294 2239 353 2302 Nisi
368 2241 442 2302 zelus
455 2239 617 2317 vehemens,
631 2245 713 2304 ardor
724 2241 882 2304 charitatis?

287 2410 375 2491 Digne
388 2410 462 2471 zelus
474 2409 626 2472 vehemens
640 2419 682 2472 est
695 2411 740 2473 hie
753 2411 833 2473 ardor
843 2411 943 2492 dictus,

288 2489 374 2582 Cujus
388 2499 431 2551 est
444 2491 588 2551 dominio*
602 2511 650 2553 rex
664 2491 799 2552 ooelorum
813 2491 913 2564 vicine,

289 2569 374 2651 Cujus
388 2571 488 2632 sanctis
504 2570 623 2632 vinculis
637 2581 732 2650 captus
747 2580 776 2632 et
789 2569 965 2650 constrictus,

288 2649 562 2737 Pauperisinlantuli
577 2650 676 2732 pannis
690 2658 732 2711 est
747 2651 873 2712 amictus.

287 2820 311 2881 0
326 2819 507 2961 praedulcis‘!
525 2817 637 2902 parvule
650 2839 719 2902 puer
733 2818 793 2880 sinc
808 2819 875 2900 pari,

290 2901 328 2964 Fe
341 2902 379 2977 ix,
395 2901 440 2962 cui
456 2899 551 2961 datum
565 2908 616 2974 est,
634 2909 661 2961 te
678 2919 753 2961 nunc
767 2898 927 2980 amplexari,

147 3139 154 3168 ¹
176 3127 579 3190 «Telecor.ourretme'animce
636 3134 648 3164 ⁴
667 3151 679 3179 a
702 3132 835 3197 Dominio,
861 3150 873 3177 ι
896 3132 1008 3196 empire,
1030 3133 1068 3183 in·

109 3201 144 3250 de
156 3213 197 3249 ces
210 3199 368 3248 sentiments
606 3195 714 3246 fluence.

144 3263 155 3292 ²
177 3263 297 3321 «Quum.
312 3280 323 3304 o
338 3261 454 3323 puisque,
466 3273 499 3307 vu
519 3271 577 3321 que.
638 3259 649 3290 ⁸
669 3277 681 3301 a
695 3257 715 3306 Ο
730 3255 874 3368 predulcis,
895 3263 943 3307 etc.
956 3275 967 3300 o
978 3257 1070 3309 Toutes

145 3323 335 3373 ³(10nstrutsez
354 3339 360 3371 ι
384 3342 396 3366 «
418 3322 581 3371 considerans
606 3333 647 3370 ces
660 3325 728 3382 strop
749 3334 775 3370 es
792 3325 848 3368 sont
865 3318 1070 3383 empreintesdes

107 3401 137 3437 se
149 3387 215 3438 velle
227 3399 327 3446 curare,
340 3403 350 3427 »
361 3384 522 3434 considerant
531 3396 580 3445 quc
606 3383 756 3454 sentimonts
766 3382 801 3431 les
809 3381 865 3444 plus
873 3381 1070 3452 teudres.L'ame

107 3448 502 3500 lesus-Christsonitui-meme
521 3447 580 3508 gue-
606 3444 637 3494 de
662 3451 729 3494 sarnt
752 3445 925 3494 Bonaveuture
952 3457 978 3492 se
1016 3445 1070 3496 eint

106 3511 157 3563 rir.
167 3532 178 3558 a
187 3513 281 3560 Seoest
288 3523 367 3572 poor«
377 3509 580 3572 illum,»conrme
608 3514 665 3556 tout
674 3506 772 3558 cntiore
786 3507 848 3555 dans
860 3518 902 3555 ees
913 3505 983 3555 elane
994 3458 1070 3558 d'une

106 3575 127 3626 il
154 3575 239 3628 errice
260 3573 450 3634 t'roquemment
472 3572 536 3621 dans
557 3570 582 3620 la
607 3569 673 3641 piene
686 3573 759 3618 naive
767 3567 899 3619 au-dessus
909 3567 941 3618 de
950 3580 996 3618 nos
1004 3571 1068 3632 pra.

105 3637 205 3702 langue
216 3635 250 3686 du
264 3647 356 3696 moyen
369 3633 424 3696 age.
604 3629 828 3693 rogosmrlpaires.
