2542 4038
467 210 560 261 solur
576 209 734 262 BERNARD.
1040 217 1082 266 idi

240 306 338 363 Mentis
352 321 461 364 eursum
748 311 804 364 Pro
817 325 859 364 me
873 317 935 381 pete

243 377 447 434 Tendisursum
749 379 784 434 Ut
796 380 886 451 quiete

209 446 320 504 Pietatis
329 449 430 516 studio,
713 449 884 520 Sempiternd
894 451 1026 522 perfruar,

244 519 347 592 Corpus
360 519 434 592 angi,
750 521 789 575 Ne
800 523 940 578 tormentis

242 590 330 646 Motus
344 589 354 626 ¹
370 589 456 664 frangi
749 590 940 650 Comburentis

208 660 261 717 Pro
275 659 508 732 ooelestipraemio.
714 660 807 734 stagni
818 662 902 718 miser
914 662 1021 720 obruar.

243 809 284 864 Tu
300 810 415 882 portasti
749 811 848 879 Quod3
859 814 979 887 requiro,

242 883 319 937 Inter
331 881 397 937 casti
527 948 533 960 ¹
750 883 827 950 Quod
842 883 958 956 suspiro,

199 949 329 1008 -Claustra
338 951 440 1008 ventris
453 953 601 1007 Domonum
714 953 981 1025 Measanavntnera,

242 1022 462 1094 Redemptorem
749 1026 784 1080 ut
797 1025 830 1082 da
844 1026 930 1081 menti

242 1091 286 1148 dd
305 1093 437 1150 honorem
509 1159 515 1171 ι
749 1095 787 1150 Te
801 1091 927 1167 poscenti
963 1101 971 1110 “

207 1163 262 1219 Nos
274 1164 423 1220 reformans
437 1161 593 1235 pristmum.
715 1166 864 1223 Gratiarum
877 1181 1010 1224 munem:

244 1317 331 1372 Mater
342 1315 423 1386 iacta,
561 1357 563 1360 -
753 1317 786 1374 Ut
800 1318 851 1374 sim
864 1324 964 1383 castus,

244 1384 298 1442 Sed
311 1386 423 1454 intaeta,
652 1401 654 1406 ·
750 1389 786 1444 Et
800 1389 946 1451 modestus,

208 1455 331 1513 Genuisti
346 1457 445 1526 titium,
716 1459 818 1522 liuteis,
830 1460 956 1530 blandus,
969 1459 1084 1530 sobrius,

244 1529 348 1599 Regem
358 1544 464 1595 verum,
751 1530 825 1599 Pius,
842 1537 942 1600 rectus,

247 1604 334 1670 Atque
347 1614 439 1654 rerum
752 1601 983 1673 circumspectus.

211 1668 506 1726 Creatoremomnium.
718 1672 865 1729 simultatis
876 1673 999 1742 neseins3

245 1819 389 1877 Benedicta
752 1821 889 1890 EruditnS‚

250 1894 304 1948 Per
323 1907 402 1964 quam
416 1890 486 1946 vieta
752 1894 786 1948 Et
799 1892 917 1947 munitus

211 1964 259 2018 Est
272 1962 357 2018 hostis
371 1961 498 2018 versutia]
718 1960 824 2018 Divinis
836 1960 961 2034 eloquiiS,

245 2032 391 2089 Destitutis
754 2032 906 2088 timoratus

247 2105 299 2174 Spe
314 2103 407 2160 salutis
752 2105 786 2159 Et
800 2108 911 2158 ornatus

143 2191 150 2204 ·
211 2174 294 2230 Datur
308 2173 493 2245 indulgentia!
719 2174 807 2232 Sacris
822 2173 975 2244 exercitiis;

249 2324 411 2382 Benedictus
753 2325 896 2395 Constans,
912 2325 1000 2399 gravis

247 2397 442 2465 Rexinviotus,
752 2398 787 2453 Et
799 2398 900 2466 suavis,

212 2467 293 2539 Cujus
305 2474 391 2523 mater
401 2465 532 2534 crederis
718 2469 864 2540 Benignus,
879 2467 1013 2536 amabilis,

261 2537 312 2605 Qui
327 2543 416 2592 reatus
754 2539 884 2608 Simplex,
898 2555 980 2608 purus

249 2609 288 2663 Ex
302 2614 328 2664 te
344 2614 421 2664 natus
754 2610 788 2663 Et
801 2615 932 2674 maturae,

211 2678 297 2736 Solvit
308 2678 394 2735 nostri
403 2674 552 2752 generistr
719 2678 829 2732 Patiens
840 2682 868 2732 et
879 2676 987 2732 humilis
995 2697 1004 2748 ;

247 2830 403 2902 Reparatrix
756 2825 842 2882 Corde
856 2824 985 2897 prudens,

247 2903 281 2959 Et
293 2902 404 2957 solatrix
757 2897 810 2954 Ore
825 2896 936 2954 studens

211 2971 383 3044 Desperautis
399 2971 506 3038 anina,
720 2970 867 3026 Veritatem
878 2968 969 3026 dicere
979 2970 1004 3038 ⁴,

247 3045 420 3116 Apressurat,
755 3041 971 3110 Matumnolens,

248 3114 313 3182 Qum
326 3120 437 3170 ventura
756 3114 841 3169 Deum
857 3112 949 3168 coiens

210 3186 284 3242 dialis
297 3192 348 3254 est,
361 3201 404 3242 me
417 3181 535 3240 redime.
720 3183 770 3240 Pio
782 3198 889 3253 semper
899 3199 991 3254 opera.

173 3409 181 3440 ¹
207 3408 345 3467 «Motus»
363 3407 530 3470 lespassions.
628 3393 756 3469 exprimde
769 3421 815 3474 par
840 3417 920 3454 «mea
947 3413 1007 3452 sana
1031 3399 1088 3449 vul-

173 3469 600 3534 t«Nostrigeneris»estleoom-
628 3483 722 3518 nera.»
993 3526 997 3535 Ι

140 3533 259 3600 pltment
268 3533 300 3582 de
318 3539 435 3582 «reatus.
448 3550 459 3576 a
661 3533 670 3562 ⁴
686 3551 698 3574 a
710 3531 817 3580 studens
827 3528 961 3580 veritatem
973 3525 1086 3586 dicere.»

173 3599 184 3627 δ
204 3616 215 3639 o
228 3595 301 3654 Quod
315 3615 325 3638 n
349 3607 363 3644 a
383 3600 486 3658 rapport
501 3593 601 3645 dl’idto
628 3598 726 3642 armant
738 3595 752 3640 a
764 3593 817 3642 dire
827 3593 852 3643 la
864 3591 952 3641 etrite.

937 3673 985 3734 ⁹25.
