2566 4028
205 183 251 232 420
529 186 641 236 PlERRE
658 187 825 239 nssnlunuu.

299 285 404 348 Felices
415 286 497 361 cauli,
514 287 592 350 beata
604 289 719 363 lumina,

299 365 404 437 Quibus
419 388 582 430 concessum
595 370 697 430 esthac
712 369 764 430 srui
775 369 876 452 glorill

299 445 399 527 Hujus,
414 455 441 510 tc
455 448 592 530 supplices
607 469 748 540 regamus,
761 449 889 532 bomine,

299 524 371 588 loca
381 527 425 589 vel
436 528 533 590 ultima
544 529 577 590 da
589 529 668 591 nobrs
680 529 770 592 curiae.
800 597 801 600 Ἴ

563 746 597 795 V.
613 745 674 792 Sur
690 748 724 794 la
739 746 889 796 Naturae.

301 886 407 950 Verbol
422 885 542 948 Verbum
564 886 641 968 virgo
661 886 830 968 concipiens,

300 967 378 1029 Exta
389 986 469 1028 verus
483 975 559 1027 crtus
573 975 615 1027 est
628 967 719 1028 oriens

301 1049 324 1106 A
339 1066 394 1127 quo
405 1051 483 1107 vera¹
496 1045 596 1107 diffusa
607 1046 715 1107 claritas

302 1126 510 1188 circumductas
526 1126 640 1188 abduxit
652 1125 790 1189 tenebras.

303 1281 381 1346 Felix
394 1282 464 1356 dies,
476 1282 584 1344 dierum
598 1279 695 1362 gloria,

303 1362 390 1443 Hujus
405 1366 481 1424 ortus
496 1382 559 1444 quae
571 1362 639 1423 vidit
651 1359 764 1444 gaudia!

301 1442 377 1502 Felix
391 1451 480 1502 rnater
491 1461 552 1522 quae
566 1441 657 1503 Deurn
669 1441 780 1522 genuit!

301 1520 379 1582 Felix
391 1521 469 1582 stella
483 1541 545 1602 quae
559 1521 647 1584 solem
662 1522 781 1604 peperit!

304 1679 327 1743 0
340 1679 419 1742 beata
432 1700 537 1763 pauper
548 1684 699 1763 puerpera!

304 1761 789 1844 mmmmp

303 1841 422 1924 Pauper,
436 1841 562 1924 inquam,
578 1842 627 1902 sed
637 1841 707 1902 celsa
723 1859 835 1922 genere,

303 1921 471 1984 Pontificum
485 1930 513 1984 ct
525 1941 622 2004 regum
638 1923 783 2002 sanguine.

303 2082 373 2143 Vitae
383 2083 476 2144 viam³
490 2082 519 2142 in
532 2083 576 2143 vid
590 2083 706 2164 peperit,

305 2162 462 2242 Hospitium
475 2181 533 2224 non
545 2163 660 2223 domurn
671 2162 778 2238 habuit,

305 2241 414 2322 Regum
430 2241 521 2322 proles
532 2249 560 2303 et
571 2243 634 2304 cceli
644 2243 766 2316 domina,

302 2319 356 2381 Pru
370 2321 504 2380 cameris⁶
518 2322 629 2382 intravit
642 2322 759 2384 stabula.

305 2475 471 2540 Obstetrices
485 2477 514 2539 in
529 2486 608 2560 partu
622 2479 745 2558 deerant,

307 2557 363 2619 Sed
375 2559 466 2640 angeli
476 2578 526 2641 pro
536 2561 576 2620 eis
590 2559 711 2633 aderant,

308 2638 430 2710 Quorum
442 2640 554 2701 statim⁵
568 2639 668 2701 chorus
681 2661 737 2702 non
753 2639 860 2703 modica

308 2719 396 2800 Hujus
408 2724 486 2782 urtds
500 2721 594 2783 eduxit
603 2721 712 2802 gaudia.

246 2958 254 2989 ⁴
276 2977 287 3002 ι
306 2953 400 3014 Verbo,
415 2958 464 3001 etc.
480 2968 494 2999 »
510 2952 543 3002 Ce
557 2964 675 3003 morceau
698 2951 781 3015 lueet3
796 2970 806 2995 n
821 2958 846 3001 ct
858 2951 899 3000 ch.
914 2963 968 3015 nn,
981 2965 1007 3001 u.
1022 2954 1051 3000 tt
1068 2951 1166 3015 :«Egc

213 3026 238 3071 et
256 3019 280 3070 lc
298 3017 400 3068 suivant
413 3015 555 3064 scute'crits
576 3027 677 3064 envers
700 3026 757 3062 sum
781 3013 825 3062 lux
845 3013 935 3063 mundi
958 3029 965 3063 ε
985 3013 1028 3076 qui
1050 3014 1168 3076 sequitur

213 3084 244 3133 de
256 3082 298 3132 dix
313 3077 428 3142 syllaheS‚
438 3075 484 3124 lies
493 3089 539 3138 par
548 3076 592 3125 des
602 3076 678 3124 rimes
701 3089 752 3136 me,
762 3089 813 3125 nen
829 3076 943 3147 ambulat
954 3075 1112 3136 intenebris,
1123 3075 1167 3125 sed

232 3147 303 3204 lates,
311 3147 336 3192 et
348 3137 448 3210 coupts,
460 3149 558 3185 ccunne
571 3150 677 3186 nosvers
702 3137 804 3187 habehit
816 3137 904 3187 lunren
916 3143 984 3187 vrtae.
997 3157 1008 3181 a

214 3159 323 3267 Francais
334 3203 364 3252 de
376 3201 419 3249 dur
434 3197 549 3260 syllabes,
569 3212 601 3248 en
613 3200 679 3248 deux
735 3201 745 3228 ³
764 3216 778 3246 «
787 3200 850 3248 Vitae
860 3200 938 3248 uiam.
950 3199 1089 3262 »Evnuglle
1098 3199 1168 3250 selon

215 3265 377 3318 htnristichcs
401 3263 472 3324 apres
495 3259 520 3309 la
538 3261 678 3322 quatrienrc
702 3261 768 3311 saint
788 3263 859 3332 tcan,
879 3261 920 3310 ch.
939 3276 989 3320 xiv,
1010 3267 1104 3312 nez«
1116 3263 1168 3324 Ego

215 3330 320 3421 sypabe.
491 3387 516 3432 w
558 3383 578 3432 E
648 3383 663 3430 ‘l
704 3324 946 3433 smpviipvperms
967 3323 1065 3395 ct‘vita,
1087 3323 1167 3372 Nenro

218 3390 548 3507 scrollethssSruI
562 3396 680 3514 palu?
703 3396 1169 3508 Fllintl‘tfflllldlldldu.

221 3511 275 3558 «ln
292 3511 345 3571 ipso
364 3509 416 3557 ulta
433 3511 497 3568 erat,
513 3514 539 3555 et
555 3512 608 3554 urta
624 3511 679 3554 erat
705 3506 777 3556 cher.

218 3582 252 3618 ux
271 3569 416 3632 nominum,
426 3575 452 3618 et
465 3569 509 3618 lux
529 3568 556 3616 in
567 3565 679 3617 tenebris
739 3571 780 3636 ξι
808 3570 924 3630 Quorum
948 3570 1051 3635 statim,
1079 3577 1129 3624 etc.
1156 3590 1167 3616 ι
