<?xml version="1.0" encoding="UTF-8"?>
<!DOCTYPE html PUBLIC "-//W3C//DTD XHTML 1.0 Transitional//EN"
    "http://www.w3.org/TR/xhtml1/DTD/xhtml1-transitional.dtd">
<html xmlns="http://www.w3.org/1999/xhtml" xml:lang="en" lang="en">
 <head>
  <title>
</title>
<meta http-equiv="Content-Type" content="text/html;charset=utf-8" />
  <meta name='ocr-system' content='tesseract 3.04.00' />
  <meta name='ocr-capabilities' content='ocr_page ocr_carea ocr_par ocr_line ocrx_word'/>
</head>
<body>
  <div class='ocr_page' id='page_1' title='image "./carminaepoetisc00clgoog/carminaepoetisc00clgoog_0234.png"; bbox 0 0 2582 4028; ppageno 0'>
   <div class='ocr_carea' id='block_1_1' title="bbox 384 151 1074 223">
    <p class='ocr_par' dir='ltr' id='par_1_1' title="bbox 384 151 1074 223">
     <span class='ocr_line' id='line_1_1' title="bbox 384 151 1074 223; baseline 0.003 -17"><span class='ocrx_word' id='word_1_1' title='bbox 384 151 536 206; x_wconf 75' lang='lat' dir='ltr'>ennomus</span> <span class='ocrx_word' id='word_1_2' title='bbox 553 153 672 208; x_wconf 67' lang='lat' dir='ltr'><strong>MARIUS</strong></span> <span class='ocrx_word' id='word_1_3' title='bbox 687 151 810 223; x_wconf 73' lang='lat' dir='ltr'>treton.</span> <span class='ocrx_word' id='word_1_4' title='bbox 1009 189 1013 198; x_wconf 92' lang='lat'>·</span> <span class='ocrx_word' id='word_1_5' title='bbox 1030 157 1074 208; x_wconf 73' lang='lat'>207</span> 
     </span>
    </p>
   </div>
   <div class='ocr_carea' id='block_1_2' title="bbox 102 233 1074 1218">
    <p class='ocr_par' dir='ltr' id='par_1_2' title="bbox 215 233 957 500">
     <span class='ocr_line' id='line_1_2' title="bbox 215 233 874 340; baseline -0.002 -20"><span class='ocrx_word' id='word_1_6' title='bbox 215 233 389 323; x_wconf 61' lang='lat' dir='ltr'>d&#39;o&#39;inrlnilrus</span> <span class='ocrx_word' id='word_1_7' title='bbox 399 253 492 330; x_wconf 83' lang='lat' dir='ltr'>tellus,</span> <span class='ocrx_word' id='word_1_8' title='bbox 509 243 631 340; x_wconf 79' lang='lat' dir='ltr'>quantu</span> <span class='ocrx_word' id='word_1_9' title='bbox 643 255 762 319; x_wconf 86' lang='lat' dir='ltr'>sulcabis</span> <span class='ocrx_word' id='word_1_10' title='bbox 773 261 874 333; x_wconf 79' lang='lat' dir='ltr'>aratro,</span> 
     </span>
     <span class='ocr_line' id='line_1_3' title="bbox 215 333 927 420; baseline 0.003 -24"><span class='ocrx_word' id='word_1_11' title='bbox 215 333 418 399; x_wconf 81' lang='lat' dir='ltr'>Sitmalediota</span> <span class='ocrx_word' id='word_1_12' title='bbox 431 335 498 409; x_wconf 88' lang='lat' dir='ltr'>tuis,</span> <span class='ocrx_word' id='word_1_13' title='bbox 514 337 607 420; x_wconf 83' lang='lat' dir='ltr'>spinas</span> <span class='ocrx_word' id='word_1_14' title='bbox 619 335 792 420; x_wconf 75' lang='lat' dir='ltr'>tribulosque</span> <span class='ocrx_word' id='word_1_15' title='bbox 805 336 927 398; x_wconf 75' lang='lat' dir='ltr'><strong>minaces</strong></span> 
     </span>
     <span class='ocr_line' id='line_1_4' title="bbox 215 415 957 500; baseline 0.003 -21"><span class='ocrx_word' id='word_1_16' title='bbox 215 415 297 479; x_wconf 80' lang='lat' dir='ltr'>Culte</span> <span class='ocrx_word' id='word_1_17' title='bbox 308 417 388 490; x_wconf 85' lang='lat' dir='ltr'>serat,</span> <span class='ocrx_word' id='word_1_18' title='bbox 400 415 530 498; x_wconf 82' lang='lat' dir='ltr'>fallatque</span> <span class='ocrx_word' id='word_1_19' title='bbox 542 425 624 478; x_wconf 85' lang='lat' dir='ltr'>tuum</span> <span class='ocrx_word' id='word_1_20' title='bbox 637 436 701 498; x_wconf 90' lang='lat' dir='ltr'>spes</span> <span class='ocrx_word' id='word_1_21' title='bbox 713 416 837 500; x_wconf 84' lang='lat' dir='ltr'>improbe</span> <span class='ocrx_word' id='word_1_22' title='bbox 850 426 957 481; x_wconf 83' lang='lat' dir='ltr'>votum.</span> 
     </span>
    </p>

    <p class='ocr_par' dir='ltr' id='par_1_3' title="bbox 102 495 1074 738">
     <span class='ocr_line' id='line_1_5' title="bbox 102 495 1074 560; baseline 0 -2"><span class='ocrx_word' id='word_1_23' title='bbox 102 509 106 516; x_wconf 88' lang='lat'>&#39;</span> <span class='ocrx_word' id='word_1_24' title='bbox 215 495 515 558; x_wconf 83' lang='lat' dir='ltr'>Neotihiterralidenr</span> <span class='ocrx_word' id='word_1_25' title='bbox 527 498 780 560; x_wconf 76' lang='lat' dir='ltr'>servetrtuviuere</span> <span class='ocrx_word' id='word_1_26' title='bbox 793 498 873 559; x_wconf 83' lang='lat' dir='ltr'>laelus</span> <span class='ocrx_word' id='word_1_27' title='bbox 1022 513 1074 558; x_wconf 81' lang='lat'>380</span> 
     </span>
     <span class='ocr_line' id='line_1_6' title="bbox 217 575 805 652; baseline 0.002 -15"><span class='ocrx_word' id='word_1_28' title='bbox 217 575 268 638; x_wconf 89' lang='lat' dir='ltr'>His</span> <span class='ocrx_word' id='word_1_29' title='bbox 280 576 308 637; x_wconf 93' lang='lat' dir='ltr'>in</span> <span class='ocrx_word' id='word_1_30' title='bbox 320 575 439 652; x_wconf 79' lang='lat' dir='ltr'>deliciis,</span> <span class='ocrx_word' id='word_1_31' title='bbox 451 583 478 636; x_wconf 88' lang='lat' dir='ltr'>et</span> <span class='ocrx_word' id='word_1_32' title='bbox 494 575 600 638; x_wconf 86' lang='lat' dir='ltr'>eunetis</span> <span class='ocrx_word' id='word_1_33' title='bbox 613 577 706 638; x_wconf 82' lang='lat' dir='ltr'>virere</span> <span class='ocrx_word' id='word_1_34' title='bbox 718 577 805 638; x_wconf 86' lang='lat' dir='ltr'>saeeiis</span> 
     </span>
     <span class='ocr_line' id='line_1_7' title="bbox 217 655 858 738; baseline -0.002 -21"><span class='ocrx_word' id='word_1_35' title='bbox 217 655 326 738; x_wconf 80' lang='lat' dir='ltr'>Sponte</span> <span class='ocrx_word' id='word_1_36' title='bbox 338 655 470 717; x_wconf 81' lang='lat' dir='ltr'>recusasti</span> <span class='ocrx_word' id='word_1_37' title='bbox 482 677 492 717; x_wconf 76' lang='lat' dir='ltr'>t</span> <span class='ocrx_word' id='word_1_38' title='bbox 509 656 577 717; x_wconf 86' lang='lat' dir='ltr'>duro</span> <span class='ocrx_word' id='word_1_39' title='bbox 591 675 667 718; x_wconf 88' lang='lat' dir='ltr'>nuno</span> <span class='ocrx_word' id='word_1_40' title='bbox 682 658 743 718; x_wconf 86' lang='lat' dir='ltr'>vive</span> <span class='ocrx_word' id='word_1_41' title='bbox 755 657 858 728; x_wconf 79' lang='lat' dir='ltr'>labore,</span> 
     </span>
    </p>

    <p class='ocr_par' dir='ltr' id='par_1_4' title="bbox 141 735 1035 819">
     <span class='ocr_line' id='line_1_8' title="bbox 141 735 1035 819; baseline 0.001 -22"><span class='ocrx_word' id='word_1_42' title='bbox 141 751 145 760; x_wconf 86' lang='grc'><em>“</em></span> <span class='ocrx_word' id='word_1_43' title='bbox 216 735 387 819; x_wconf 84' lang='lat' dir='ltr'>Perpetuum</span> <span class='ocrx_word' id='word_1_44' title='bbox 400 752 511 818; x_wconf 86' lang='lat' dir='ltr'>quoqne</span> <span class='ocrx_word' id='word_1_45' title='bbox 523 736 585 798; x_wconf 82' lang='lat' dir='ltr'>rive</span> <span class='ocrx_word' id='word_1_46' title='bbox 601 736 695 813; x_wconf 83' lang='lat' dir='ltr'>miser,</span> <span class='ocrx_word' id='word_1_47' title='bbox 714 737 782 799; x_wconf 88' lang='lat' dir='ltr'>dum</span> <span class='ocrx_word' id='word_1_48' title='bbox 797 737 896 799; x_wconf 66' lang='lat' dir='ltr'>1‘lento</span> <span class='ocrx_word' id='word_1_49' title='bbox 906 743 1035 799; x_wconf 83' lang='lat' dir='ltr'>eeneetus</span> 
     </span>
    </p>

    <p class='ocr_par' dir='ltr' id='par_1_5' title="bbox 198 813 1070 1218">
     <span class='ocr_line' id='line_1_9' title="bbox 216 813 848 898; baseline 0.003 -21"><span class='ocrx_word' id='word_1_50' title='bbox 216 813 250 877; x_wconf 89' lang='lat' dir='ltr'>ln</span> <span class='ocrx_word' id='word_1_51' title='bbox 262 823 366 877; x_wconf 81' lang='lat' dir='ltr'>terram</span> <span class='ocrx_word' id='word_1_52' title='bbox 374 823 402 878; x_wconf 89' lang='lat' dir='ltr'>te</span> <span class='ocrx_word' id='word_1_53' title='bbox 412 817 547 890; x_wconf 83' lang='lat' dir='ltr'>restituat,</span> <span class='ocrx_word' id='word_1_54' title='bbox 562 825 697 898; x_wconf 77' lang='lat' dir='ltr'>terreque</span> <span class='ocrx_word' id='word_1_55' title='bbox 706 817 848 879; x_wconf 80' lang='lat' dir='ltr'>recondat.</span> 
     </span>
     <span class='ocr_line' id='line_1_10' title="bbox 216 892 1070 979; baseline 0.004 -22"><span class='ocrx_word' id='word_1_56' title='bbox 216 893 303 974; x_wconf 80' lang='lat' dir='ltr'>Dixit,</span> <span class='ocrx_word' id='word_1_57' title='bbox 328 903 357 957; x_wconf 84' lang='lat' dir='ltr'>et</span> <span class='ocrx_word' id='word_1_58' title='bbox 368 892 480 978; x_wconf 72' lang='lat' dir='ltr'>igiturne</span> <span class='ocrx_word' id='word_1_59' title='bbox 501 905 538 957; x_wconf 87' lang='lat' dir='ltr'>ne</span> <span class='ocrx_word' id='word_1_60' title='bbox 548 895 613 957; x_wconf 83' lang='lat' dir='ltr'>eoeli</span> <span class='ocrx_word' id='word_1_61' title='bbox 627 897 727 979; x_wconf 78' lang='lat' dir='ltr'>injuria</span> <span class='ocrx_word' id='word_1_62' title='bbox 739 897 830 975; x_wconf 75' lang='lat' dir='ltr'>ltedet,</span> <span class='ocrx_word' id='word_1_63' title='bbox 1020 915 1070 960; x_wconf 77' lang='lat'>385</span> 
     </span>
     <span class='ocr_line' id='line_1_11' title="bbox 216 973 931 1060; baseline 0.006 -26"><span class='ocrx_word' id='word_1_64' title='bbox 216 974 299 1038; x_wconf 85' lang='lat' dir='ltr'>Veste</span> <span class='ocrx_word' id='word_1_65' title='bbox 312 977 380 1060; x_wconf 82' lang='lat' dir='ltr'>tegit</span> <span class='ocrx_word' id='word_1_66' title='bbox 393 973 531 1060; x_wconf 80' lang='lat' dir='ltr'>pecudum</span> <span class='ocrx_word' id='word_1_67' title='bbox 546 976 692 1050; x_wconf 79' lang='lat' dir='ltr'>misertos,</span> <span class='ocrx_word' id='word_1_68' title='bbox 706 978 847 1060; x_wconf 84' lang='lat' dir='ltr'>vitamque</span> <span class='ocrx_word' id='word_1_69' title='bbox 859 978 931 1038; x_wconf 86' lang='lat' dir='ltr'>tueri</span> 
     </span>
     <span class='ocr_line' id='line_1_12' title="bbox 198 1053 920 1129; baseline 0.003 -13"><span class='ocrx_word' id='word_1_70' title='bbox 198 1073 201 1080; x_wconf 84' lang='grc'><strong><em>’</em></strong></span> <span class='ocrx_word' id='word_1_71' title='bbox 216 1053 339 1117; x_wconf 86' lang='lat' dir='ltr'>Edooet:</span> <span class='ocrx_word' id='word_1_72' title='bbox 362 1061 392 1117; x_wconf 84' lang='lat' dir='ltr'>et</span> <span class='ocrx_word' id='word_1_73' title='bbox 403 1069 441 1117; x_wconf 83' lang='lat' dir='ltr'>ne</span> <span class='ocrx_word' id='word_1_74' title='bbox 452 1057 552 1117; x_wconf 81' lang='lat' dir='ltr'>iterum</span> <span class='ocrx_word' id='word_1_75' title='bbox 562 1056 666 1118; x_wconf 81' lang='lat' dir='ltr'>similes</span> <span class='ocrx_word' id='word_1_76' title='bbox 680 1058 768 1118; x_wconf 80' lang='lat' dir='ltr'>exiret</span> <span class='ocrx_word' id='word_1_77' title='bbox 783 1057 812 1117; x_wconf 93' lang='lat' dir='ltr'>in</span> <span class='ocrx_word' id='word_1_78' title='bbox 826 1065 920 1129; x_wconf 81' lang='lat' dir='ltr'>ausus,</span> 
     </span>
     <span class='ocr_line' id='line_1_13' title="bbox 216 1133 880 1218; baseline -0.003 -20"><span class='ocrx_word' id='word_1_79' title='bbox 216 1133 372 1198; x_wconf 72' lang='lat' dir='ltr'>nnus-tum</span> <span class='ocrx_word' id='word_1_80' title='bbox 382 1135 479 1197; x_wconf 83' lang='lat' dir='ltr'>rnortis</span> <span class='ocrx_word' id='word_1_81' title='bbox 492 1135 639 1198; x_wconf 80' lang='lat' dir='ltr'>formidine</span> <span class='ocrx_word' id='word_1_82' title='bbox 651 1139 768 1218; x_wconf 86' lang='lat' dir='ltr'>pereutit</span> <span class='ocrx_word' id='word_1_83' title='bbox 781 1135 880 1198; x_wconf 78' lang='lat' dir='ltr'>ndum.</span> 
     </span>
    </p>
   </div>
   <div class='ocr_carea' id='block_1_3' title="bbox 106 1295 1100 2740">
    <p class='ocr_par' dir='ltr' id='par_1_6' title="bbox 106 1295 1074 2180">
     <span class='ocr_line' id='line_1_14' title="bbox 256 1295 859 1380; baseline -0.002 -22"><span class='ocrx_word' id='word_1_84' title='bbox 256 1298 298 1360; x_wconf 82' lang='lat' dir='ltr'>At</span> <span class='ocrx_word' id='word_1_85' title='bbox 307 1306 343 1357; x_wconf 81' lang='lat' dir='ltr'>ne</span> <span class='ocrx_word' id='word_1_86' title='bbox 353 1299 516 1380; x_wconf 83' lang='lat' dir='ltr'>perpetuum</span> <span class='ocrx_word' id='word_1_87' title='bbox 530 1295 604 1358; x_wconf 80' lang='lat' dir='ltr'>vituli</span> <span class='ocrx_word' id='word_1_88' title='bbox 618 1317 652 1358; x_wconf 85' lang='lat' dir='ltr'>ex</span> <span class='ocrx_word' id='word_1_89' title='bbox 666 1296 762 1359; x_wconf 80' lang='lat' dir='ltr'>arbore</span> <span class='ocrx_word' id='word_1_90' title='bbox 773 1295 859 1357; x_wconf 83' lang='lat' dir='ltr'>vitem</span> 
     </span>
     <span class='ocr_line' id='line_1_15' title="bbox 191 1373 1074 1459; baseline 0.001 -21"><span class='ocrx_word' id='word_1_91' title='bbox 191 1373 422 1449; x_wconf 74' lang='lat' dir='ltr'>‘&#39;Protrah&#39;erent</span> <span class='ocrx_word' id='word_1_92' title='bbox 435 1377 605 1459; x_wconf 84' lang='lat' dir='ltr'>miserosque</span> <span class='ocrx_word' id='word_1_93' title='bbox 615 1392 677 1438; x_wconf 85' lang='lat' dir='ltr'>reos</span> <span class='ocrx_word' id='word_1_94' title='bbox 688 1377 811 1458; x_wconf 74' lang='lat' dir='ltr'>graviora</span> <span class='ocrx_word' id='word_1_95' title='bbox 826 1383 971 1438; x_wconf 76' lang='lat' dir='ltr'>manerent</span> <span class='ocrx_word' id='word_1_96' title='bbox 1022 1394 1074 1440; x_wconf 80' lang='lat'>390</span> 
     </span>
     <span class='ocr_line' id='line_1_16' title="bbox 106 1449 916 1538; baseline 0 -20"><span class='ocrx_word' id='word_1_97' title='bbox 106 1502 109 1506; x_wconf 83' lang='lat'><em>-</em></span> <span class='ocrx_word' id='word_1_98' title='bbox 216 1449 372 1538; x_wconf 69' lang='lat' dir='ltr'>Supplicia,</span> <span class='ocrx_word' id='word_1_99' title='bbox 388 1453 418 1518; x_wconf 89' lang='lat' dir='ltr'>in</span> <span class='ocrx_word' id='word_1_100' title='bbox 433 1457 515 1518; x_wconf 77' lang='lat' dir='ltr'>tentis</span> <span class='ocrx_word' id='word_1_101' title='bbox 525 1457 645 1518; x_wconf 83' lang='lat' dir='ltr'>nirniurn</span> <span class='ocrx_word' id='word_1_102' title='bbox 664 1457 792 1520; x_wconf 80' lang='lat' dir='ltr'>diutunro</span> <span class='ocrx_word' id='word_1_103' title='bbox 805 1457 916 1532; x_wconf 82' lang='lat' dir='ltr'>petiolis</span> 
     </span>
     <span class='ocr_line' id='line_1_17' title="bbox 140 1533 896 1619; baseline -0.004 -19"><span class='ocrx_word' id='word_1_104' title='bbox 140 1553 146 1563; x_wconf 89' lang='lat'>·</span> <span class='ocrx_word' id='word_1_105' title='bbox 181 1557 185 1564; x_wconf 85' lang='grc'><strong>’</strong></span> <span class='ocrx_word' id='word_1_106' title='bbox 215 1537 351 1619; x_wconf 77' lang='lat' dir='ltr'>Tempora</span> <span class='ocrx_word' id='word_1_107' title='bbox 363 1533 510 1610; x_wconf 82' lang='lat' dir='ltr'>dueentes,</span> <span class='ocrx_word' id='word_1_108' title='bbox 525 1535 647 1619; x_wconf 87' lang='lat' dir='ltr'>dirisque</span> <span class='ocrx_word' id='word_1_109' title='bbox 657 1537 774 1600; x_wconf 84' lang='lat' dir='ltr'>obnoxie</span> <span class='ocrx_word' id='word_1_110' title='bbox 784 1535 896 1618; x_wconf 70' lang='lat' dir='ltr'>poeniS,</span> 
     </span>
     <span class='ocr_line' id='line_1_18' title="bbox 216 1611 793 1699; baseline 0 -19"><span class='ocrx_word' id='word_1_111' title='bbox 216 1611 357 1680; x_wconf 81' lang='lat' dir='ltr'>Continttd</span> <span class='ocrx_word' id='word_1_112' title='bbox 371 1617 455 1678; x_wconf 81' lang='lat' dir='ltr'>saeris</span> <span class='ocrx_word' id='word_1_113' title='bbox 466 1617 559 1699; x_wconf 82' lang='lat' dir='ltr'>jussus</span> <span class='ocrx_word' id='word_1_114' title='bbox 577 1617 711 1679; x_wconf 77' lang='lat' dir='ltr'>decedere</span> <span class='ocrx_word' id='word_1_115' title='bbox 722 1617 793 1680; x_wconf 89' lang='lat' dir='ltr'>lueis</span> 
     </span>
     <span class='ocr_line' id='line_1_19' title="bbox 216 1695 913 1780; baseline 0.001 -20"><span class='ocrx_word' id='word_1_116' title='bbox 216 1695 365 1776; x_wconf 84' lang='lat' dir='ltr'>Expellunl</span> <span class='ocrx_word' id='word_1_117' title='bbox 376 1697 461 1770; x_wconf 86' lang='lat' dir='ltr'>venti,</span> <span class='ocrx_word' id='word_1_118' title='bbox 478 1697 601 1760; x_wconf 87' lang='lat' dir='ltr'>nemoris</span> <span class='ocrx_word' id='word_1_119' title='bbox 622 1713 691 1780; x_wconf 89' lang='lat' dir='ltr'>quos</span> <span class='ocrx_word' id='word_1_120' title='bbox 703 1699 770 1760; x_wconf 81' lang='lat' dir='ltr'>silva</span> <span class='ocrx_word' id='word_1_121' title='bbox 785 1699 913 1780; x_wconf 85' lang='lat' dir='ltr'>profundi</span> 
     </span>
     <span class='ocr_line' id='line_1_20' title="bbox 216 1775 1073 1858; baseline 0.002 -18"><span class='ocrx_word' id='word_1_122' title='bbox 216 1776 351 1850; x_wconf 81' lang='lat' dir='ltr'>Concitet,</span> <span class='ocrx_word' id='word_1_123' title='bbox 368 1783 451 1858; x_wconf 79' lang='lat' dir='ltr'>etque</span> <span class='ocrx_word' id='word_1_124' title='bbox 465 1775 527 1839; x_wconf 86' lang='lat' dir='ltr'>illos</span> <span class='ocrx_word' id='word_1_125' title='bbox 537 1776 645 1838; x_wconf 84' lang='lat' dir='ltr'>librenti</span> <span class='ocrx_word' id='word_1_126' title='bbox 659 1778 769 1840; x_wconf 80' lang='lat' dir='ltr'>turbine</span> <span class='ocrx_word' id='word_1_127' title='bbox 783 1799 870 1840; x_wconf 87' lang='lat' dir='ltr'>nexos</span> <span class='ocrx_word' id='word_1_128' title='bbox 1021 1797 1073 1843; x_wconf 76' lang='lat'>395</span> 
     </span>
     <span class='ocr_line' id='line_1_21' title="bbox 215 1853 909 1939; baseline -0.006 -19"><span class='ocrx_word' id='word_1_129' title='bbox 215 1859 289 1920; x_wconf 77' lang='lat' dir='ltr'>Aura</span> <span class='ocrx_word' id='word_1_130' title='bbox 301 1853 416 1924; x_wconf 80' lang='lat' dir='ltr'>uehens,</span> <span class='ocrx_word' id='word_1_131' title='bbox 434 1861 509 1918; x_wconf 77' lang='lat' dir='ltr'>seond</span> <span class='ocrx_word' id='word_1_132' title='bbox 524 1857 647 1918; x_wconf 82' lang='lat' dir='ltr'>Peredisi</span> <span class='ocrx_word' id='word_1_133' title='bbox 662 1857 695 1918; x_wconf 84' lang='lat' dir='ltr'>ab</span> <span class='ocrx_word' id='word_1_134' title='bbox 710 1861 776 1920; x_wconf 87' lang='lat' dir='ltr'>sede</span> <span class='ocrx_word' id='word_1_135' title='bbox 793 1857 909 1939; x_wconf 74' lang='lat' dir='ltr'>repellit.</span> 
     </span>
     <span class='ocr_line' id='line_1_22' title="bbox 213 1935 851 2020; baseline -0.002 -21"><span class='ocrx_word' id='word_1_136' title='bbox 213 1938 288 2020; x_wconf 82' lang='lat' dir='ltr'>Ergo</span> <span class='ocrx_word' id='word_1_137' title='bbox 303 1935 369 1998; x_wconf 89' lang='lat' dir='ltr'>hino</span> <span class='ocrx_word' id='word_1_138' title='bbox 382 1935 461 2018; x_wconf 81' lang='lat' dir='ltr'>ejecti</span> <span class='ocrx_word' id='word_1_139' title='bbox 472 1937 599 2019; x_wconf 77' lang='lat' dir='ltr'>juvenes,</span> <span class='ocrx_word' id='word_1_140' title='bbox 616 1937 752 2018; x_wconf 83' lang='lat' dir='ltr'>lenisque</span> <span class='ocrx_word' id='word_1_141' title='bbox 763 1935 851 2012; x_wconf 82' lang='lat' dir='ltr'>relati,</span> 
     </span>
     <span class='ocr_line' id='line_1_23' title="bbox 214 2015 790 2099; baseline -0.009 -19"><span class='ocrx_word' id='word_1_142' title='bbox 214 2017 326 2080; x_wconf 85' lang='lat' dir='ltr'>Perdite</span> <span class='ocrx_word' id='word_1_143' title='bbox 335 2015 442 2078; x_wconf 76' lang='lat' dir='ltr'>dimissi</span> <span class='ocrx_word' id='word_1_144' title='bbox 456 2017 595 2099; x_wconf 81' lang='lat' dir='ltr'>suspirant</span> <span class='ocrx_word' id='word_1_145' title='bbox 606 2015 706 2098; x_wconf 78' lang='lat' dir='ltr'>gaudia</span> <span class='ocrx_word' id='word_1_146' title='bbox 724 2017 790 2077; x_wconf 87' lang='lat' dir='ltr'>luri.</span> 
     </span>
     <span class='ocr_line' id='line_1_24' title="bbox 215 2093 982 2180; baseline 0 -20"><span class='ocrx_word' id='word_1_147' title='bbox 215 2096 278 2169; x_wconf 81' lang='lat' dir='ltr'>Quo</span> <span class='ocrx_word' id='word_1_148' title='bbox 292 2093 407 2169; x_wconf 85' lang='lat' dir='ltr'>ruerint,</span> <span class='ocrx_word' id='word_1_149' title='bbox 422 2095 488 2178; x_wconf 93' lang='lat' dir='ltr'>quid</span> <span class='ocrx_word' id='word_1_150' title='bbox 503 2097 682 2178; x_wconf 89' lang='lat' dir='ltr'>perdiderint,</span> <span class='ocrx_word' id='word_1_151' title='bbox 696 2113 759 2178; x_wconf 85' lang='lat' dir='ltr'>quae</span> <span class='ocrx_word' id='word_1_152' title='bbox 773 2096 828 2158; x_wconf 85' lang='lat' dir='ltr'>vita</span> <span class='ocrx_word' id='word_1_153' title='bbox 840 2106 982 2180; x_wconf 81' lang='lat' dir='ltr'>sequntur,</span> 
     </span>
    </p>

    <p class='ocr_par' dir='ltr' id='par_1_7' title="bbox 179 2175 1070 2419">
     <span class='ocr_line' id='line_1_25' title="bbox 179 2175 1070 2249; baseline 0.004 -11"><span class='ocrx_word' id='word_1_154' title='bbox 179 2215 184 2218; x_wconf 98' lang='lat'>-</span> <span class='ocrx_word' id='word_1_155' title='bbox 214 2176 285 2249; x_wconf 81' lang='lat' dir='ltr'>Qnae</span> <span class='ocrx_word' id='word_1_156' title='bbox 299 2175 391 2248; x_wconf 87' lang='lat' dir='ltr'>luerit,</span> <span class='ocrx_word' id='word_1_157' title='bbox 404 2175 486 2236; x_wconf 72' lang='lat' dir='ltr'>terite</span> <span class='ocrx_word' id='word_1_158' title='bbox 499 2177 591 2238; x_wconf 78' lang='lat' dir='ltr'>tristes</span> <span class='ocrx_word' id='word_1_159' title='bbox 602 2175 632 2237; x_wconf 92' lang='lat' dir='ltr'>in</span> <span class='ocrx_word' id='word_1_160' title='bbox 643 2186 738 2238; x_wconf 83' lang='lat' dir='ltr'>mente</span> <span class='ocrx_word' id='word_1_161' title='bbox 750 2177 886 2239; x_wconf 84' lang='lat' dir='ltr'>volutant.</span> <span class='ocrx_word' id='word_1_162' title='bbox 1019 2195 1070 2242; x_wconf 83' lang='lat' dir='ltr'>roo</span> 
     </span>
     <span class='ocr_line' id='line_1_26' title="bbox 215 2255 971 2338; baseline -0.001 -18"><span class='ocrx_word' id='word_1_163' title='bbox 215 2261 302 2320; x_wconf 81' lang='lat' dir='ltr'>Porro</span> <span class='ocrx_word' id='word_1_164' title='bbox 315 2257 399 2318; x_wconf 77' lang='lat' dir='ltr'>etiarn</span> <span class='ocrx_word' id='word_1_165' title='bbox 411 2255 477 2335; x_wconf 88' lang='lat' dir='ltr'>quid</span> <span class='ocrx_word' id='word_1_166' title='bbox 490 2271 521 2318; x_wconf 84' lang='lat' dir='ltr'>se</span> <span class='ocrx_word' id='word_1_167' title='bbox 532 2275 661 2338; x_wconf 88' lang='lat' dir='ltr'>supremo</span> <span class='ocrx_word' id='word_1_168' title='bbox 672 2255 702 2316; x_wconf 90' lang='lat' dir='ltr'>in</span> <span class='ocrx_word' id='word_1_169' title='bbox 713 2256 770 2318; x_wconf 86' lang='lat' dir='ltr'>fine</span> <span class='ocrx_word' id='word_1_170' title='bbox 783 2257 907 2320; x_wconf 85' lang='lat' dir='ltr'>futurum</span> <span class='ocrx_word' id='word_1_171' title='bbox 915 2266 971 2335; x_wconf 83' lang='lat' dir='ltr'>est,</span> 
     </span>
     <span class='ocr_line' id='line_1_27' title="bbox 215 2331 908 2419; baseline 0 -20"><span class='ocrx_word' id='word_1_172' title='bbox 215 2335 326 2399; x_wconf 83' lang='lat' dir='ltr'>Haerent</span> <span class='ocrx_word' id='word_1_173' title='bbox 336 2331 446 2398; x_wconf 81' lang='lat' dir='ltr'>solliciti</span> <span class='ocrx_word' id='word_1_174' title='bbox 459 2355 465 2396; x_wconf 93' lang='lat'><strong>:</strong></span> <span class='ocrx_word' id='word_1_175' title='bbox 482 2337 534 2396; x_wconf 90' lang='lat' dir='ltr'>sibi</span> <span class='ocrx_word' id='word_1_176' title='bbox 546 2353 614 2397; x_wconf 92' lang='lat' dir='ltr'>nnrn</span> <span class='ocrx_word' id='word_1_177' title='bbox 625 2339 748 2418; x_wconf 79' lang='lat' dir='ltr'>graviora</span> <span class='ocrx_word' id='word_1_178' title='bbox 761 2339 908 2419; x_wconf 83' lang='lat' dir='ltr'>supersint,</span> 
     </span>
    </p>

    <p class='ocr_par' dir='ltr' id='par_1_8' title="bbox 214 2415 1031 2578">
     <span class='ocr_line' id='line_1_28' title="bbox 215 2415 1031 2500; baseline -0.002 -22"><span class='ocrx_word' id='word_1_179' title='bbox 215 2415 296 2479; x_wconf 83' lang='lat' dir='ltr'>Nulla</span> <span class='ocrx_word' id='word_1_180' title='bbox 311 2427 345 2479; x_wconf 85' lang='lat' dir='ltr'>ne</span> <span class='ocrx_word' id='word_1_181' title='bbox 363 2431 426 2498; x_wconf 82' lang='lat' dir='ltr'>spes</span> <span class='ocrx_word' id='word_1_182' title='bbox 437 2425 564 2498; x_wconf 84' lang='lat' dir='ltr'>superest</span> <span class='ocrx_word' id='word_1_183' title='bbox 578 2418 695 2491; x_wconf 84' lang='lat' dir='ltr'>miseris,</span> <span class='ocrx_word' id='word_1_184' title='bbox 711 2439 780 2480; x_wconf 88' lang='lat' dir='ltr'>num</span> <span class='ocrx_word' id='word_1_185' title='bbox 792 2427 878 2480; x_wconf 87' lang='lat' dir='ltr'>morte</span> <span class='ocrx_word' id='word_1_186' title='bbox 890 2419 1006 2500; x_wconf 87' lang='lat' dir='ltr'>perenni</span> <span class='ocrx_word' id='word_1_187' title='bbox 1020 2424 1031 2456; x_wconf 82' lang='lat'>²</span> 
     </span>
     <span class='ocr_line' id='line_1_29' title="bbox 214 2493 1011 2578; baseline -0.003 -20"><span class='ocrx_word' id='word_1_188' title='bbox 214 2497 334 2560; x_wconf 75' lang='lat' dir='ltr'>Perdnru</span> <span class='ocrx_word' id='word_1_189' title='bbox 347 2493 420 2576; x_wconf 89' lang='lat' dir='ltr'>quod</span> <span class='ocrx_word' id='word_1_190' title='bbox 435 2504 560 2578; x_wconf 84' lang='lat' dir='ltr'>superest</span> <span class='ocrx_word' id='word_1_191' title='bbox 569 2515 579 2576; x_wconf 93' lang='lat'>;</span> <span class='ocrx_word' id='word_1_192' title='bbox 600 2512 635 2558; x_wconf 83' lang='lat' dir='ltr'>an</span> <span class='ocrx_word' id='word_1_193' title='bbox 650 2515 737 2578; x_wconf 90' lang='lat' dir='ltr'>quum</span> <span class='ocrx_word' id='word_1_194' title='bbox 752 2499 796 2560; x_wconf 83' lang='lat' dir='ltr'>viu</span> <span class='ocrx_word' id='word_1_195' title='bbox 806 2498 902 2558; x_wconf 89' lang='lat' dir='ltr'>mortis</span> <span class='ocrx_word' id='word_1_196' title='bbox 912 2517 1011 2558; x_wconf 65' lang='lat' dir='ltr'>amere</span> 
     </span>
    </p>

    <p class='ocr_par' dir='ltr' id='par_1_9' title="bbox 214 2575 1100 2740">
     <span class='ocr_line' id='line_1_30' title="bbox 214 2575 1069 2660; baseline -0.004 -20"><span class='ocrx_word' id='word_1_197' title='bbox 214 2580 271 2640; x_wconf 85' lang='lat' dir='ltr'>Per</span> <span class='ocrx_word' id='word_1_198' title='bbox 282 2577 390 2659; x_wconf 80' lang='lat' dir='ltr'>lignum</span> <span class='ocrx_word' id='word_1_199' title='bbox 404 2580 414 2616; x_wconf 81' lang='lat'>³</span> <span class='ocrx_word' id='word_1_200' title='bbox 427 2575 563 2657; x_wconf 77' lang='lat' dir='ltr'>ingruerit</span> <span class='ocrx_word' id='word_1_201' title='bbox 575 2578 679 2638; x_wconf 87' lang='lat' dir='ltr'>mundo</span> <span class='ocrx_word' id='word_1_202' title='bbox 690 2578 855 2660; x_wconf 90' lang='lat' dir='ltr'>populisque</span> <span class='ocrx_word' id='word_1_203' title='bbox 868 2575 978 2653; x_wconf 85' lang='lat' dir='ltr'>suturis,</span> <span class='ocrx_word' id='word_1_204' title='bbox 1020 2593 1069 2637; x_wconf 77' lang='lat' dir='ltr'>roe</span> 
     </span>
     <span class='ocr_line' id='line_1_31' title="bbox 215 2655 1100 2740; baseline -0.002 -23"><span class='ocrx_word' id='word_1_205' title='bbox 215 2655 308 2721; x_wconf 81' lang='lat' dir='ltr'>Possit</span> <span class='ocrx_word' id='word_1_206' title='bbox 321 2658 412 2720; x_wconf 76' lang='lat' dir='ltr'>adhue</span> <span class='ocrx_word' id='word_1_207' title='bbox 426 2655 537 2738; x_wconf 84' lang='lat' dir='ltr'>aliquod</span> <span class='ocrx_word' id='word_1_208' title='bbox 551 2677 599 2740; x_wconf 86' lang='lat' dir='ltr'>per</span> <span class='ocrx_word' id='word_1_209' title='bbox 609 2657 716 2738; x_wconf 86' lang='lat' dir='ltr'>lignum</span> <span class='ocrx_word' id='word_1_210' title='bbox 731 2659 784 2719; x_wconf 86' lang='lat' dir='ltr'>vitu</span> <span class='ocrx_word' id='word_1_211' title='bbox 796 2656 895 2718; x_wconf 86' lang='lat' dir='ltr'>redire.</span> <span class='ocrx_word' id='word_1_212' title='bbox 1098 2667 1100 2672; x_wconf 87' lang='lat'>&#39;</span> 
     </span>
    </p>
   </div>
   <div class='ocr_carea' id='block_1_4' title="bbox 428 2837 858 2908">
    <p class='ocr_par' dir='ltr' id='par_1_10' title="bbox 428 2837 858 2908">
     <span class='ocr_line' id='line_1_32' title="bbox 428 2837 858 2908; baseline 0 -16"><span class='ocrx_word' id='word_1_213' title='bbox 428 2843 478 2893; x_wconf 74' lang='lat' dir='ltr'>vl.</span> <span class='ocrx_word' id='word_1_214' title='bbox 493 2843 576 2895; x_wconf 76' lang='lat' dir='ltr'>niort</span> <span class='ocrx_word' id='word_1_215' title='bbox 589 2837 700 2895; x_wconf 71' lang='lat' dir='ltr'>rl’nloet</span> <span class='ocrx_word' id='word_1_216' title='bbox 715 2843 800 2908; x_wconf 81' lang='lat' dir='ltr'>(Livre</span> <span class='ocrx_word' id='word_1_217' title='bbox 815 2841 858 2907; x_wconf 70' lang='lat' dir='ltr'>ill.</span> 
     </span>
    </p>
   </div>
   <div class='ocr_carea' id='block_1_5' title="bbox 135 2967 1011 3131">
    <p class='ocr_par' dir='ltr' id='par_1_11' title="bbox 135 2967 1011 3131">
     <span class='ocr_line' id='line_1_33' title="bbox 135 2967 1011 3079; baseline -0.01 -24"><span class='ocrx_word' id='word_1_218' title='bbox 135 2967 141 2976; x_wconf 40' lang='grc'><strong>’</strong></span> <span class='ocrx_word' id='word_1_219' title='bbox 254 2976 352 3069; x_wconf 73' lang='lat' dir='ltr'>(Ergo)</span> <span class='ocrx_word' id='word_1_220' title='bbox 364 2979 412 3050; x_wconf 79' lang='lat' dir='ltr'>ribi</span> <span class='ocrx_word' id='word_1_221' title='bbox 422 2985 512 3079; x_wconf 83' lang='lat' dir='ltr'>primu</span> <span class='ocrx_word' id='word_1_222' title='bbox 527 2987 626 3078; x_wconf 74' lang='lat' dir='ltr'>doinus</span> <span class='ocrx_word' id='word_1_223' title='bbox 639 2985 710 3048; x_wconf 77' lang='lat' dir='ltr'>netis</span> <span class='ocrx_word' id='word_1_224' title='bbox 724 2975 783 3068; x_wconf 85' lang='lat' dir='ltr'>jem</span> <span class='ocrx_word' id='word_1_225' title='bbox 798 2984 878 3068; x_wconf 81' lang='lat' dir='ltr'>plena</span> <span class='ocrx_word' id='word_1_226' title='bbox 891 2981 1011 3063; x_wconf 82' lang='lat' dir='ltr'>duobus,</span> 
     </span>
     <span class='ocr_line' id='line_1_34' title="bbox 139 3063 792 3131; baseline -0.005 0"><span class='ocrx_word' id='word_1_227' title='bbox 139 3103 144 3110; x_wconf 94' lang='lat'>·</span> <span class='ocrx_word' id='word_1_228' title='bbox 215 3063 358 3130; x_wconf 67' lang='lat' dir='ltr'>lentertnn</span> <span class='ocrx_word' id='word_1_229' title='bbox 373 3087 462 3130; x_wconf 83' lang='lat' dir='ltr'>venos</span> <span class='ocrx_word' id='word_1_230' title='bbox 473 3067 570 3131; x_wconf 76' lang='lat' dir='ltr'>solutio</span> <span class='ocrx_word' id='word_1_231' title='bbox 583 3069 669 3130; x_wconf 81' lang='lat' dir='ltr'>multa</span> <span class='ocrx_word' id='word_1_232' title='bbox 684 3065 792 3129; x_wconf 86' lang='lat' dir='ltr'>labores</span> 
     </span>
    </p>
   </div>
   <div class='ocr_carea' id='block_1_6' title="bbox 132 3270 1071 3403">
    <p class='ocr_par' dir='ltr' id='par_1_12' title="bbox 132 3270 1071 3403">
     <span class='ocr_line' id='line_1_35' title="bbox 132 3270 1071 3340; baseline -0.005 -14"><span class='ocrx_word' id='word_1_233' title='bbox 132 3270 270 3336; x_wconf 51' lang='lat' dir='ltr'>renum,</span> <span class='ocrx_word' id='word_1_234' title='bbox 282 3291 293 3320; x_wconf 71' lang='lat' dir='ltr'>u</span> <span class='ocrx_word' id='word_1_235' title='bbox 301 3273 402 3339; x_wconf 77' lang='lat' dir='ltr'>iusqu&#39;d</span> <span class='ocrx_word' id='word_1_236' title='bbox 414 3287 443 3326; x_wconf 87' lang='lat' dir='ltr'>ce</span> <span class='ocrx_word' id='word_1_237' title='bbox 453 3286 512 3339; x_wconf 86' lang='lat' dir='ltr'>que.</span> <span class='ocrx_word' id='word_1_238' title='bbox 643 3277 674 3324; x_wconf 64' lang='grc' dir='ltr'>θα</span> <span class='ocrx_word' id='word_1_239' title='bbox 686 3278 734 3328; x_wconf 86' lang='lat' dir='ltr'>Per</span> <span class='ocrx_word' id='word_1_240' title='bbox 743 3276 854 3340; x_wconf 80' lang='lat' dir='ltr'>lignum.</span> <span class='ocrx_word' id='word_1_241' title='bbox 866 3293 879 3319; x_wconf 75' lang='grc' dir='ltr'>ιι</span> <span class='ocrx_word' id='word_1_242' title='bbox 895 3273 975 3324; x_wconf 80' lang='lat' dir='ltr'>Arhre</span> <span class='ocrx_word' id='word_1_243' title='bbox 994 3271 1026 3322; x_wconf 88' lang='lat' dir='ltr'>de</span> <span class='ocrx_word' id='word_1_244' title='bbox 1046 3271 1071 3321; x_wconf 80' lang='lat' dir='ltr'>le</span> 
     </span>
     <span class='ocr_line' id='line_1_36' title="bbox 146 3333 1068 3403; baseline -0.007 -15"><span class='ocrx_word' id='word_1_245' title='bbox 146 3337 182 3383; x_wconf 70' lang='grc' dir='ltr'>ἰ</span> <span class='ocrx_word' id='word_1_246' title='bbox 196 3339 266 3388; x_wconf 82' lang='lat' dir='ltr'>Num</span> <span class='ocrx_word' id='word_1_247' title='bbox 279 3345 361 3388; x_wconf 82' lang='lat' dir='ltr'>nrorte</span> <span class='ocrx_word' id='word_1_248' title='bbox 371 3340 486 3401; x_wconf 82' lang='lat' dir='ltr'>perenni,</span> <span class='ocrx_word' id='word_1_249' title='bbox 498 3343 571 3403; x_wconf 59' lang='lat' dir='ltr'>eloqu</span> <span class='ocrx_word' id='word_1_250' title='bbox 610 3340 707 3390; x_wconf 85' lang='lat' dir='ltr'>soienoe</span> <span class='ocrx_word' id='word_1_251' title='bbox 728 3340 762 3389; x_wconf 89' lang='lat' dir='ltr'>du</span> <span class='ocrx_word' id='word_1_252' title='bbox 782 3339 841 3388; x_wconf 85' lang='lat' dir='ltr'>bien</span> <span class='ocrx_word' id='word_1_253' title='bbox 862 3343 888 3387; x_wconf 90' lang='lat' dir='ltr'>et</span> <span class='ocrx_word' id='word_1_254' title='bbox 908 3335 942 3385; x_wconf 92' lang='lat' dir='ltr'>du</span> <span class='ocrx_word' id='word_1_255' title='bbox 958 3333 1019 3384; x_wconf 79' lang='lat' dir='ltr'>mel.</span> <span class='ocrx_word' id='word_1_256' title='bbox 1038 3359 1068 3370; x_wconf 90' lang='grc'>-</span> 
     </span>
    </p>
   </div>
   <div class='ocr_carea' id='block_1_7' title="bbox 115 3396 1068 3516">
    <p class='ocr_par' dir='ltr' id='par_1_13' title="bbox 115 3396 1068 3516">
     <span class='ocr_line' id='line_1_37' title="bbox 115 3396 1068 3516; baseline -0.005 -63"><span class='ocrx_word' id='word_1_257' title='bbox 115 3401 172 3454; x_wconf 77' lang='lat' dir='ltr'>elle</span> <span class='ocrx_word' id='word_1_258' title='bbox 189 3401 391 3460; x_wconf 77' lang='lat' dir='ltr'>morteternelle</span> <span class='ocrx_word' id='word_1_259' title='bbox 409 3401 574 3452; x_wconf 81' lang='lat' dir='ltr'>lenrenleve-</span> <span class='ocrx_word' id='word_1_260' title='bbox 613 3403 712 3516; x_wconf 77' lang='lat' dir='ltr'>«Aliqp</span> <span class='ocrx_word' id='word_1_261' title='bbox 774 3413 802 3450; x_wconf 90' lang='lat' dir='ltr'>er</span> <span class='ocrx_word' id='word_1_262' title='bbox 813 3396 1068 3462; x_wconf 75' lang='lat' dir='ltr'>lignunr.onllusiun</span> 
     </span>
    </p>
   </div>
   <div class='ocr_carea' id='block_1_8' title="bbox 708 3461 912 3516">
    <p class='ocr_par' dir='ltr' id='par_1_14' title="bbox 708 3461 912 3516">
     <span class='ocr_line' id='line_1_38' title="bbox 708 3461 912 3516; baseline -0.029 0"><span class='ocrx_word' id='word_1_263' title='bbox 708 3477 734 3516; x_wconf 87' lang='lat' dir='ltr'>re</span> <span class='ocrx_word' id='word_1_264' title='bbox 765 3461 912 3516; x_wconf 78' lang='lat' dir='ltr'>eloomrr.</span> 
     </span>
    </p>
   </div>
   <div class='ocr_carea' id='block_1_9' title="bbox 115 3463 689 3580">
    <p class='ocr_par' dir='ltr' id='par_1_15' title="bbox 115 3463 689 3580">
     <span class='ocr_line' id='line_1_39' title="bbox 115 3463 689 3580; baseline 0.009 -67"><span class='ocrx_word' id='word_1_265' title='bbox 115 3463 187 3580; x_wconf 42' lang='lat' dir='ltr'>alig</span> <span class='ocrx_word' id='word_1_266' title='bbox 207 3471 260 3528; x_wconf 72' lang='lat' dir='ltr'>prou</span> <span class='ocrx_word' id='word_1_267' title='bbox 280 3463 444 3531; x_wconf 77' lang='lat' dir='ltr'>d&#39;esptranee</span> <span class='ocrx_word' id='word_1_268' title='bbox 456 3465 500 3530; x_wconf 85' lang='lat' dir='ltr'>qul</span> <span class='ocrx_word' id='word_1_269' title='bbox 519 3465 575 3518; x_wconf 90' lang='lat' dir='ltr'>leur</span> <span class='ocrx_word' id='word_1_270' title='bbox 615 3465 689 3518; x_wconf 78' lang='lat' dir='ltr'>tl&#39;or</span> 
     </span>
    </p>
   </div>
   <div class='ocr_carea' id='block_1_10' title="bbox 0 0 1296 4028">
    <p class='ocr_par' dir='ltr' id='par_1_16' title="bbox 0 0 1296 4028">
     <span class='ocr_line' id='line_1_40' title="bbox 0 0 1296 4028; baseline 0 0"><span class='ocrx_word' id='word_1_271' title='bbox 0 0 1296 4028; x_wconf 95' lang='lat' dir='ltr'> </span> 
     </span>
    </p>
   </div>
  </div>
 </body>
</html>
