2506 4030
398 175 489 226 satur*
507 176 677 226 Pluma-bn
694 177 784 228 nott.

213 277 336 356 llimite,
352 283 381 338 et
392 285 507 339 vacuate
521 297 618 351 manu,
630 277 747 359 vestigia
759 283 768 316 ¹
781 277 870 341 donec

140 375 144 403 τ
212 356 297 420 Nulla
310 356 513 438 relinquantur,
530 358 617 418 muris
632 357 665 418 ad
677 358 759 422 inane
772 358 900 420 redactis.
1041 367 1073 414 la

214 436 317 498 Infelix
332 437 441 498 miserae
454 437 600 516 Rabylonis
613 436 686 500 flliat
699 437 777 498 Felix

212 515 270 588 Qui
283 517 334 578 tibi
348 535 397 596 pro
411 515 492 576 nobis
508 517 537 576 in
550 536 601 576 uos
613 525 658 576 tua
672 523 768 608 gesta²
780 518 922 598 rependet,

212 594 275 657 Nec
287 595 382 656 minda
395 595 441 656 illo
452 594 549 656 beatus
560 595 623 674 erit,
637 617 686 686 qur
700 616 781 677 parra
795 597 899 658 tenebit

214 673 253 736 Et
265 673 350 736 simul
363 674 448 738 elidet
459 674 554 736 sotidae
566 683 612 738 tua
627 679 761 758 prgnora³
773 679 871 758 petrae!

258 834 549 918 Sicnptsrexstinm
562 835 707 926 Rabylonis
721 836 804 918 stirpe
818 837 901 911 beari,
1031 821 1072 893 ¹ac

214 913 249 975 ln
262 923 290 976 te
303 915 364 998 ipso
377 915 473 996 primis
487 915 630 996 gliscentia
644 917 759 978 erimina
772 916 893 978 flammis
926 924 929 930 '

213 992 410 1076 ringente:
424 994 482 1076 jam
496 1015 544 1076 pro
564 1003 606 1058 ter
618 999 629 1034 ⁵
641 995 718 1058 adest
731 1005 807 1076 petra
818 997 953 1070 Christus,
967 996 996 1058 in
1013 995 1071 1078 ipso

215 1071 363 1156 Vipeream
377 1073 501 1136 sobolem
513 1015 611 1136 validis
625 1074 697 1135 elide
711 1075 828 1137 lacertis.

213 1151 289 1216 Nam
301 1153 425 1236 Babylon
438 1173 541 1216 nomen
555 1153 680 1216 conlusio
692 1158 714 1226 ⁶,
730 1151 786 1214 lilia
799 1153 877 1233 cujus

215 1231 266 1293 Est
278 1253 341 1294 carc
353 1235 473 1315 peccatis
486 1240 585 1307 mater,
601 1253 664 1314 quae
675 1233 756 1296 turba
768 1233 850 1296 saluti
1038 1245 1068 1289 55

215 1309 317 1389 Noxia,
331 1313 470 1394 corporeis
482 1312 559 1382 ducit
572 1313 644 1374 mala
656 1313 764 1376 semina
779 1314 878 1390 fibris„

217 1390 285 1452 llaec
298 1391 434 1457 vincenda
448 1391 510 1465 tibi,
520 1393 546 1454 ai
559 1393 598 1452 vis
612 1393 738 1459 evincere
751 1403 881 1458 mortem.
976 1435 977 1443 κ

215 1469 346 1552 Namque
361 1474 417 1534 tuis
427 1471 497 1535 tales
511 1470 634 1534 inclusos
645 1472 752 1534 ossibus
766 1472 870 1548 hostes,

215 1549 247 1610 Si
262 1550 457 1628 permittantur
471 1551 619 1612 crescendo
632 1571 771 1614 assumere
785 1553 864 1626 vireo,

126 1643 150 1676 ἰ’
214 1629 327 1692 Difficili
340 1631 433 1692 vinces
449 1630 620 1693 luctamine⁷
635 1655 642 1690 ι
656 1631 771 1714 praeripe
785 1651 883 1713 parvos
922 1684 925 1695 ,
1039 1643 1072 1688 60

215 1707 290 1770 Dum
305 1715 393 1789 reptat
406 1711 507 1772 teneris
520 1709 646 1772 vitiorum
661 1712 774 1772 infantia
787 1711 919 1772 membris
928 1713 948 1770 ⁸.

215 1787 287 1858 Ouae
300 1790 355 1850 nisi
369 1809 532 1872 precavens,
547 1795 626 1851 auctt
639 1791 758 1850 virtute⁹
771 1789 880 1850 necabit

216 1869 391 1932 Concordem
405 1869 477 1929 vitiis
491 1869 612 1930 animam
626 1877 732 1928 terrena
748 1887 878 1946 propago.

216 1947 261 2007 Ne
275 1967 370 2028 parcas
384 1948 467 2029 igitur
481 1949 565 2010 talem
579 1955 699 2008 mactare
713 1953 867 2012 catervam;
1021 2005 1025 2015 ,

215 2026 279 2087 Non
296 2027 343 2088 tibi
355 2027 459 2089 crimen
473 2033 523 2089 erit
536 2026 689 2086 nocituram
705 2023 816 2102 perdere
829 2029 951 2104 gentem,
1009 2025 1012 2030 “

216 2105 408 2188 Ultrioemque
422 2107 494 2168 malo
507 2103 672 2188 pertundere
684 2103 820 2182 sanguine
835 2109 940 2184 petram
953 2125 960 2163 :

217 2185 326 2248 Gaudet
338 2187 414 2247 enim
426 2187 527 2266 justuS,
543 2187 566 2246 si
581 2183 706 2246 concidat
722 2183 806 2264 impia
819 2182 919 2265 proles.

217 2263 291 2326 Nam
305 2267 395 2347 magis
408 2275 490 2346 atque
505 2265 594 2356 magis
609 2263 670 2345 pius
683 2263 734 2325 ista
748 2262 823 2324 caede
836 2263 938 2344 piatur,

218 2343 252 2403 Si
267 2346 384 2425 perimat
397 2353 507 2427 peccata
520 2365 578 2405 suis
590 2343 760 2404 dominantia
775 2342 919 2417 membris,

218 2423 255 2486 Et
268 2425 352 2486 fracta
363 2425 392 2486 iu
403 2423 512 2490 Cbristc
524 2424 654 2486 vitiorum
668 2423 750 2506 plebe
764 2423 925 2504 triumphat.
1040 2430 1072 2477 7⁰

157 2603 164 2634 ¹
177 2605 315 2666 «Veatlgta,
329 2623 341 2649 a
357 2607 471 2666 vestiges,
491 2610 582 2654 traces.
644 2603 654 2634 ⁷
666 2603 899 2664 «Namquetuts....
907 2603 1074 2654 luctamlne.»

155 2664 232 2718 'clu
242 2681 287 2718 nos
297 2673 342 2719 tua
351 2673 427 2729 scuta,
441 2685 452 2710 a
465 2679 493 2716 ce
502 2672 586 2728 quem
612 2667 781 2716 construtam:
794 2684 805 2708 ιι
820 2668 904 2714 linceo
915 2665 1010 2714 diltlcltt
1022 2667 1074 2715 luc-

131 2729 384 2789 aatattoontrnnoua,
395 2731 431 2780 lca
452 2741 586 2792 manuque
610 2729 706 2778 tamtm
717 2727 780 2776 tales
796 2727 879 2777 hostes
897 2730 1007 2777 inclusos
1026 2731 1077 2778 tuis

130 2790 327 2903 topotrqaalatte.
423 2856 433 2902 t
512 2851 564 2901 Η
612 2790 1102 2900 casibus,slpepmittanlurassumercv

180 2871 190 2898 ι
293 2858 297 2868 ”
398 2871 411 2897 c
479 2864 586 2904 enan.
631 2855 857 2901 treecrcsoenc.a
1065 2867 1079 2884 a

158 2866 405 2978 'dtududldlndrel’c
417 2865 587 2964 tdbornmod
612 2865 628 2902 v
645 2915 655 2944 ⁸
668 2913 700 2962 lcl
713 2914 736 2963 le
745 2915 814 2976 poete
824 2926 939 2976 compare
959 2913 995 2964 lea
1013 2915 1079 2964 vices

130 2983 154 3020 te
179 2977 347 3042 l'cxpltoata'oo
374 2978 531 3042 symbolique
553 2977 587 3025 du
612 2975 690 3026 ddes
710 2977 809 3024 entants
828 2976 889 3037 uult
910 2976 965 3024 taut
983 2975 1079 3024 dcrascr

130 3046 233 3128 ltzume.
613 3043 697 3112 contre
706 3038 730 3086 la
742 3041 820 3101 pierre
830 3039 957 3113 angulatae
974 3039 1007 3120 da
1025 3030 1077 3087 lb-

134 3157 159 3207 a
172 3104 306 3226 :tuta
317 3120 330 3146 ''
353 3103 391 3151 ⁰³¹
409 3101 432 3152 ¹⁰
450 3111 588 3164 ⁵³⁰⁰¹¹l¹¹¹⁰
612 3100 1079 3234 llllrattatlttlltltltti

157 3222 316 3288 ‘rbubylon
330 3237 422 3274 noman
439 3227 560 3291 conluelo,
575 3247 587 3272 o
614 3237 701 3274 encore
711 3223 814 3274 dettcats
826 3227 851 3273 ct
865 3225 878 3271 a
893 3228 965 3286 peine
977 3221 1077 3296 tormer.

132 3279 247 3350 babylam
259 3287 358 3352 arguite
371 3287 509 3342 confusion.
647 3288 684 3331 θα
697 3286 803 3346 Vlrtute,
820 3305 830 3328 n
858 3287 932 3344 toruo,
957 3295 1074 3345 vrgocur.
