2522 4024
145 219 195 271 ,196
407 218 695 272 ὒΙεΑὓῦὶῦὓΜΑΒΙΠὸ
711 217 836 268 VICTOR».
855 221 857 231 ’
876 231 877 236 ’
940 281 942 286 Ι

240 317 328 382 Omni
347 325 439 391 otene,-
452 323 537 400 quern
547 334 600 378 nec
613 313 706 378 sarhtdi
720 313 850 395 indigine
860 332 954 378 rerum

244 337 381 462 Meotidas
392 397 522 460 humanis
538 415 622 458 sensu
632 393 830 478 comprendere
843 392 884 456 fas
895 405 947 467 est.

244 479 279 540 Et
291 478 400 540 nescire
413 476 576 554 nefastorum
589 483 617 538 te
630 475 736 538 ratione
750 473 885 554 profundi
932 507 935 517 ·
994 503 999 545 χ

244 555 275 619 ln
284 557 372 619 tribus
386 577 446 618 esse
459 555 561 628 Deum,
574 556 622 618 sod
634 563 689 618 tres
703 553 744 616 sio
756 551 893 616 credimus
905 569 1007 625 uuum,
1086 567 1101 613 ε

244 637 330 699 Unica
343 643 475 719 personas
486 643 517 698 ut
529 646 585 696 tros
595 635 750 698 substantia
769 633 877 710 reddat,
909 663 913 672 ·

245 717 395 781 indiscreta
407 716 452 808 pio
462 733 628 778 conservans
641 713 743 778 foedera
754 715 838 789 nexu)
1015 718 1020 729 '

247 797 289 859 Tu
302 797 362 860 sine
375 795 518 878 principio,
537 795 639 876 pariter
649 795 710 856 siue
721 793 779 856 fine
793 793 936 876 perennis,

249 877 331 940 Solus
343 897 373 938 es
385 884 467 956 atque
483 874 568 949 idem,
582 873 707 956 nullique
719 873 857 936 obnoxias
867 892 935 941 nvo.

245 957 311 1018 Tus
331 957 531 1028 adamnanum,
544 953 646 1016 montis
658 955 835 1035 quocumque
849 969 974 1015 recessus
1070 959 1103 1013 to

247 976 391 1109 Tenditur,
404 1034 529 1108 excedis;
541 1033 629 1116 spatio
642 1053 734 1117 noque
745 1033 864 1115 cingeris
876 1032 947 1094 ullo.

248 1117 322 1190 Quin
336 1117 419 1177 etiam
433 1115 563 1176 humanae
577 1134 630 1176 noo
642 1114 681 1176 fas
693 1114 854 1195 contingere
868 1113 955 1173 menti

248 1196 343 1268 Qualis
353 1197 446 1278 imago
459 1203 505 1256 tua
519 1203 572 1267 est,
585 1194 671 1258 oculis
685 1194 779 1276 ignara
796 1191 883 1255 rideri
892 1197 914 1268 ¹,

248 1275 283 1338 Ni
294 1276 339 1340 oui
353 1275 520 1337 cernendam
535 1273 645 1356 speciali
659 1273 775 1334 numine
785 1277 796 1310 ²
808 1291 871 1337 seso

248 1353 402 1417 Exhibeat:
417 1375 469 1416 nec
484 1374 549 1415 vero
564 1362 606 1416 est
621 1357 668 1434 qui
679 1353 781 1416 virtute
795 1352 897 1415 creata.
981 1411 986 1418 ,
1069 1368 1103 1414 ra

248 1435 287 1496 Te
297 1442 408 1518 vegetet
420 1439 523 1510 motus,
534 1453 583 1516 per
595 1453 680 1514 quem
693 1453 790 1496 sumus
807 1441 890 1516 atque
904 1439 1060 1494 moremur·

245 1514 368 1575 Trruueus
383 1523 410 1575 ct
421 1533 505 1575 sacrae
516 1513 626 1594 penitus
638 1513 789 1575 substantia
804 1511 923 1576 meritis:

249 1595 291 1655 Tu
304 1593 385 1670 ratio,
395 1601 422 1655 et
436 1593 525 1674 plenae
538 1589 658 1676 prudens
670 1594 784 1655 rationis
798 1593 895 1667 ori003
978 1627 982 1632 ·

248 1675 290 1736 Tu
304 1673 400 1746 virtus,
413 1673 520 1736 virtutis
534 1692 614 1764 apex,
626 1681 709 1763 atque
721 1673 779 1754 ipsa
788 1639 924 1756 prodeotm
976 1729 985 1748 „

248 1755 290 1815 Tu
300 1754 367 1828 vita,
377 1760 405 1815 ct
417 1754 525 1834 genitor
539 1763 602 1815 vuar
615 1752 741 1834 lucusque
759 1750 913 1838 profunda.
1071 1768 1109 1813 20

250 1835 291 1896 Tu
301 1833 349 1895 lux
362 1835 426 1898 v'cra
438 1831 523 1912 Deus,
535 1841 565 1894 tu
579 1852 672 1894 rerum
685 1853 766 1896 cansa
779 1834 931 1916 vigorque;

227 1986 231 1996 ¹
250 1921 316 1980 ate
346 1913 493 1995 iincipium
505 1913 585 1974 traxit
601 1912 796 1995 quodcumque
806 1913 919 1995 repente

249 1995 292 2057 Ex
305 1933 393 2055 ndito
405 1985 529 2066 emicuit,
543 2001 675 2074 tantoque
688 2002 799 2056 auctore
811 1993 946 2074 repletum

253 2073 303 2136 Vel
315 2074 371 2134 vim
385 2073 486 2134 montis
495 2072 589 2150 hahet,
603 2073 647 2132 vel
659 2072 775 2133 sormam
786 2073 814 2132 in
827 2071 950 2134 membra
960 2071 1077 2154 reecpit;

251 2154 291 2216 Te
305 2152 454 2214 Dominum
463 2160 561 2212 natura
577 2150 673 2234 probat
686 2159 791 2214 servata
804 2151 913 2213 caducis
1075 2171 1111 2215 25

252 2229 396 2296 Partibus:
412 2229 553 2312 etjussaru
571 2230 671 2292 seriem
685 2231 764 2296 datus
776 2231 843 2294 ordo
856 2231 966 2294 fatetur.

291 2419 354 2480 Non
368 2437 425 2479 uuo
436 2421 466 2479 tn
479 2425 626 2482 contentus
639 2419 734 2482 dotare
748 2427 837 2485 creata
919 2475 921 2480 .
976 2439 984 2447 ·’

229 2513 235 2524 “
251 2499 377 2572 Munere,
388 2497 523 2580 quidquid
538 2501 597 2582 agis
610 2500 700 2561 varios
715 2501 820 2582 largiris
831 2501 860 2562 in
873 2520 957 2562 usus:

253 2579 330 2654 Quin
343 2579 400 2640 imo
411 2577 451 2640 nil
464 2599 522 2642 non
533 2584 628 2652 coust,
637 2579 712 2642 Deus
725 2580 808 2654 alme,
818 2587 931 2644 tuorum

253 2661 361 2731 Efficis;
377 2659 433 2740 ipsa
448 2659 512 2721 licet
523 2660 603 2722 nobis
613 2660 706 2742 ignota
720 2667 832 2722 tuorum
1079 2677 1115 2722 oo

253 2739 400 2802 Factorum
414 2741 483 2801 ratio
496 2748 578 2821 atquo
592 2739 692 2802 modus
705 2761 712 2799 ε
723 2739 859 2802 contraria
870 2739 972 2822 nempe

255 2819 323 2888 Qun
334 2823 411 2900 putat
423 2819 553 2882 humanae
565 2820 650 2883 solers
663 2820 787 2900 ignaria³
798 2820 910 2893 ruentis,

172 2895 174 2902 “
255 2897 329 2960 Dum
337 2905 457 2986 certant,
470 2899 531 2980 plus
541 2901 624 2994 pacis
636 2899 756 2972 hahcut3
767 2899 807 2964 sic
821 2899 925 2980 omnia,
937 2899 1014 2964 diues

257 2975 399 3051 Conditor,
409 2977 535 3043 adversis
546 2980 630 3044 ctiam
643 2986 758 3063 cognato
769 2979 915 3044 edomantis

161 3224 193 3274 de
215 3219 334 3272 l'oraison
355 3218 416 3269 lituo
435 3218 443 3266 i
463 3231 503 3278 uo,
521 3218 575 3280 qui,
589 3232 622 3269 on
683 3221 814 3272 1«Οειιῐίε
825 3222 915 3286 ignara
931 3222 1047 3284 viderur·
1068 3224 1116 3287 qui

163 3286 187 3337 le
204 3284 261 3344 sair,
280 3231 435 3332 s'adressed'
468 3281 541 3351 orda
558 3281 622 3351 Dion
650 3295 682 3332 ne
695 3284 790 3354 saurott
802 3285 855 3334 trra
871 3297 922 3334 rue
932 3283 977 3336 dos
987 3297 1056 3348 youx
1068 3285 1118 3348 tdu

162 3347 187 3397 le
212 3347 287 3406 Pdrc,
305 3358 336 3394 ex
354 3357 394 3393 ose
422 3341 624 3411 ensurrcll’obrct
651 3346 749 3406 corps),
763 3346 880 3396 invisible
891 3360 942 3396 eurr
953 3359 1032 3410 your.

162 3409 194 3458 de
204 3357 362 3479 lademaudo
385 3409 565 3468 etsetarmme
577 3416 624 3464 par
683 3407 718 3453 Η
735 3407 841 3478 spectati
852 3408 971 3470 numine,
984 3427 996 3453 ι
1010 3419 1060 3480 par
1079 3422 1119 3462 un

159 3469 344 3520 l'iutercessron
357 3441 391 3517 du
408 3465 580 3538 tttdempteur
599 3469 624 3516 et
650 3471 704 3517 acte
717 3468 864 3528 partrculaer
881 3469 912 3519 de
932 3481 960 3520 sa
971 3481 1117 3534 purssance.

158 3543 207 3592 nar
225 3531 429 3600 uaedcaolossre
448 3539 481 3584 cu
498 3524 622 3580 matroo-
681 3528 726 3572 ⁸«
749 3528 834 3596 solers
863 3531 981 3597 ignaria.
1007 3549 1020 3582 r
1046 3532 1121 3590 Bous

160 3603 234 3648 ntur.
651 3599 805 3654 expression·
