2496 4022
446 143 567 194 uentus
584 145 781 198 vrcrontnou.

231 244 305 317 Quid
316 243 445 326 refugis?
455 246 587 307 miserere
601 250 666 322 mel,
680 249 810 311 miserere
822 243 929 332 tuique.

232 325 263 387 Si
278 325 368 398 liceat,
383 324 458 407 prior
473 325 512 385 ire
525 326 608 387 velim
622 335 717 389 {vetor
728 347 803 402 ecoe,
818 328 867 391 sed
881 329 926 392 ibo
1058 338 1090 381 20

230 403 321 478 Turro,
336 423 424 485 quum
437 404 569 468 rictorem
581 425 692 468 cernam
705 418 743 482 te,
756 416 831 482 nate,
846 407 992 470 malorum.

230 484 304 556 Quid
316 502 427 566 sperare
437 483 541 564 jubes?
553 484 629 546 solus
640 506 701 549 mea
713 488 785 548 diota
799 490 916 550 moraris
926 495 948 552 ¹.

233 563 318 625 Solus
329 562 422 624 adlruo
432 583 545 645 aequum
556 584 671 627 renovas
684 566 762 636 milri,
779 573 853 640 nato,
870 567 1005 630 dolorem.

230 643 348 714 nuruis,
362 658 398 703 an
417 643 532 706 damnas
546 663 657 728 quoque
679 665 735 721 nro,
748 646 912 728 fratresque,
928 647 1091 730 genusque?

232 721 315 796 Quod
327 741 362 784 ne
374 723 444 784 sorte
456 721 522 785 velis
531 743 581 788 oro
592 731 630 798 ta,
641 723 925 807 atdepreeonaudi:
1057 735 1089 778 2³

234 801 286 862 His
297 821 349 883 ego
362 809 390 862 te
404 822 520 884 parvum
533 803 643 876 nutrivi,
657 813 731 879 nats,
765 801 866 888 opillis,
895 837 898 844 ·
920 837 922 844 v

234 881 274 942 Te
290 900 341 964 per
361 899 415 962 ogo
428 883 480 944 has
493 901 600 966 precor,
614 892 643 944 ot
655 883 736 946 lletus
746 825 935 978 llorymasque
949 905 1087 948 meorum.

136 962 139 973 '
232 959 270 1022 Ut
280 979 424 1024 remanere
433 961 531 1037 relis¹,
544 962 700 1027 remanebis
712 964 798 1036 solus,
810 972 838 1028 et
848 964 932 1048 huJus

228 1037 295 1102 Non
307 1039 355 1100 tibi
365 1039 425 1121 jam
437 1040 533 1104 iratres
545 1041 673 1103 dederint
684 1041 780 1104 solatia
791 1043 873 1124 nitor}

231 1119 388 1182 Dedeooras
400 1119 513 1182 latrum
527 1121 698 1184 sanctissima
710 1121 835 1198 nomina,
849 1129 976 1196 matrem,
1058 1132 1091 1176 ³0

231 1200 268 1266 Et
278 1209 378 1284 genus,
391 1207 421 1262 ot
432 1201 558 1282 patrino,
573 1201 597 1262 si
611 1201 761 1263 taliudiotu
773 1202 896 1276 neruus,
962 1233 964 1241 v

233 1278 314 1344 lleut
330 1282 433 1360 quantd
447 1277 547 1344 melius
562 1283 647 1343 vitam
659 1281 781 1343 seruabis
795 1282 824 1342 in
835 1301 936 1362 rovum,

234 1358 268 1420 Si
280 1358 364 1423 uetes
379 1359 492 1422 nauem
502 1360 634 1442 quioquid
648 1360 739 1436 sonoro
753 1363 875 1443 priores!
905 1417 908 1430 .

126 1513 129 1520 Ι
233 1438 379 1502 Audenter
390 1438 614 1522 dopuuoruetus,
628 1441 737 1523 depone
747 1442 901 1522 timorum:

232 1518 353 1600 Cunoipe
367 1526 460 1581 monte
474 1518 575 1598 neum,
591 1520 751 1588 uiresdabit
763 1521 810 1584 ille
825 1521 928 1584 viriles.
943 1546 958 1580 r>
1058 1529 1089 1573 ³51

273 1650 339 1712 Haee
351 1649 418 1716 duru
432 1657 521 1714 mater
534 1651 600 1733 ugit,
613 1667 682 1746 puer
695 1651 729 1714 ‘ad
742 1661 878 1738 precepta
892 1639 1012 1738 parentis

232 1730 366 1814 Respicit,
380 1739 409 1794 et
421 1731 511 1792 solum
525 1751 555 1794 se
569 1731 638 1794 vidit
650 1739 683 1794 ut
696 1753 757 1796 esse
769 1734 909 1806 relictum,

233 1810 356 1872 Sustulit
368 1809 521 1888 adooelum
534 1811 638 1886 uultus,
652 1812 813 1895 palmasque
827 1813 949 1894 supinas,

233 1891 269 1951 Et
282 1891 321 1952 sio
335 1909 403 1953 vore
415 1898 513 1974 petens
528 1895 664 1954 aete‘rnuru
678 1911 782 1957 numen
797 1892 902 1963 adorat,

232 1969 325 2032 Sensu
339 1971 420 2032 etsie
432 1971 533 2053 pariter
546 1990 642 2034 seeum
655 1977 782 2052 nutuque
795 1971 908 2052 rogabat
917 1975 941 2051 ³,
1057 1979 1092 2025 to

149 2114 151 2126 ,
232 2049 627 2132 Ἶίηοοτειυῑ,ηες,εηι,,εεενοε
640 2051 807 2116 utrinooret
821 2051 911 2140 ignes.
950 2083 953 2086 ·

233 2129 325 2211 Atque
339 2129 377 2191 ita
391 2149 449 2190 non
461 2129 563 2212 segnis,
579 2150 632 2192 neo
644 2149 694 2212 pro
706 2129 859 2217 puerilibus
871 2129 963 2203 annis,

233 2209 346 2270 Prosilit
358 2209 522 2292 intrepidus,
537 2210 645 2272 rns'dios
662 2209 784 2292 dilapsus
798 2211 827 2274 iu
836 2210 927 2294 ignes,
989 2215 996 2225 ‘⁴

233 2287 310 2351 Viuit
320 2289 451 2374 quioquid
466 2295 525 2350 orat
535 2295 557 2362 ⁸,
570 2289 610 2351 sio
625 2298 655 2364 ut
669 2290 754 2362 vitam
769 2289 821 2371 iret
834 2291 862 2358 in
875 2289 958 2355 altam
994 2363 996 2373 Ι

234 2367 364 2450 Spiritus,
379 2377 407 2434 et
420 2365 535 2435 fratrum
548 2377 655 2451 poteret
667 2377 771 2434 seurota
786 2370 894 2454 piorum
904 2375 927 2431 ⁸.
1059 2372 1092 2425 ⁴5

275 2503 348 2566 Ilum
363 2519 434 2586 puer
445 2502 495 2564 ista
510 2502 590 2584 gerit,
604 2502 746 2564 solverunt
760 2501 860 2585 gaudia
874 2508 1012 2563 ruutrern:

234 2583 363 2673 Jamque,
377 2591 408 2644 ut
422 2590 481 2644 erat
493 2582 590 2643 lassata
604 2582 694 2656 malis,
707 2583 765 2724 p'anr
776 2601 844 2644 roes
857 2586 956 2662 negata

697 2662 706 2723 l
717 2681 781 2746 apsa
794 2667 930 2723 suorum⁰

236 2662 396 2745 Suspiraus,
410 2661 537 2754 interque
550 2681 649 2724 manus
662 2683 695 2724 uo
907 2741 913 2753 .

234 2742 366 2806 Concidit
378 2759 523 2814 exaurrors,
538 2741 713 2823 resolutaque
728 2739 851 2804 rnernbra
868 2747 1007 2822 qurerunt.

237 2820 286 2884 Sir
299 2823 370 2906 ipsu,
379 2829 411 2884 et
423 2821 496 2899 nati,
508 2822 707 2883 saneturumin
723 2828 799 2904 parte
813 2827 923 2904 reoapta
937 2827 989 2883 est.
1060 2829 1092 2874 ⁵⁰

169 2974 477 3035 ¹ulleadletumorans,
487 2991 500 3019 ι
511 2973 540 3024 tu
551 2985 606 3038 pro·
631 2973 757 3037 trtompna
775 2974 805 3024 de
816 2977 887 3034 tout,
908 2973 940 3023 do
960 2973 1040 3022 toutos
1056 2968 1093 3020 les

137 3035 422 3128 longesmesd'rscours.
603 3050 606 3059 ·
631 3036 760 3129 uppenrod
775 3037 806 3086 do
821 3041 878 3090 tous
892 3036 927 3096 lea
943 3039 1092 3110 toprnrents.

139 3097 606 3221 ,ruttnnnirunrnr
667 3098 1091 3227 ,struunturnruut

139 3223 283 3274 torviore:
644 3222 763 3282 ’intlmltd
783 3223 815 3273 do
843 3233 881 3272 ses
901 3221 989 3271 vneres
1023 3216 1093 3267 blen-

172 3285 184 3314 ⁸
197 3302 212 3328 a
223 3285 315 3345 seusu,
325 3302 339 3330 s
349 3284 433 3350 l'dnre,
442 3287 549 3346 loeoeur,
560 3296 608 3348 pur
634 3285 724 3335 armes.
741 3289 747 3310 '-

632 3409 749 3460 eutreles
759 3409 815 3458 brus
825 3408 906 3457 deses
920 3405 959 3453 ttts
970 3401 1024 3465 (qut
1037 3401 1094 3451 l’nt·

170 3470 189 3503 ⁴¹
211 3471 310 3521 «Vicit
333 3473 452 3536 quteirutd
477 3476 537 3536 erut,
559 3469 607 3522 sn
631 3465 1000 3544 tondutoutdansl'uutrevtu).
1037 3483 1042 3490 ·
1084 3488 1093 3547 ¹·

560 3553 562 3561 .
837 3549 839 3556 .

140 3349 283 3457 opaesltton
297 3349 311 3396 n
323 3353 396 3422 nram,
408 3353 485 3412 geste.
501 3375 532 3384 -
545 3349 607 3400 «lto-
664 3349 677 3378 ⁶
699 3366 711 3391 r
729 3347 797 3396 lutor
818 3355 911 3395 manus
936 3348 1054 3393 suorum.
1079 3359 1091 3385 ι

137 3421 167 3470 μ
205 3411 224 3467 t,
240 3409 378 3472 rutprrutt.
