2582 4028
399 263 491 314 srrrsr
507 262 876 326 enosrnnnnoorrnrnr.
1058 257 1107 320 etl
1214 323 1223 337 ‚

260 358 368 426 AEterni
382 361 465 424 fontis
480 361 584 426 fluxere
600 365 721 427 undante
735 373 839 434 meatu,
1072 384 1106 432 le

258 443 294 503 Et
305 451 347 504 ter
360 441 485 504 centenis
498 463 642 524 procerum
656 454 720 506 sunt
733 446 805 508 edito
819 440 921 528 linguis
936 470 942 506 :

257 523 304 583 Sio
317 521 479 584 moderante
492 543 571 584 suurn
585 523 676 605 legem
689 525 811 587 bonitate
824 533 929 600 severi,

256 601 294 664 Ut
307 601 355 692 qui
367 602 497 662 damnato
510 602 613 666 vellent
625 604 661 666 de
671 617 765 667 errore
781 607 891 685 reverti,

139 718 171 756 Α
257 682 421 764 hoolperent
435 701 532 764 paoem
545 686 566 756 ¹,
583 683 668 766 pulsis
680 684 729 766 qui
743 697 824 767 prora
838 695 975 750 moelem.

300 844 381 905 rinno
393 843 479 905 alium
494 844 523 905 in
536 843 621 904 finem
641 851 733 924 posset
749 843 897 925 prooedem
911 851 1039 909 raretum
1080 863 1114 910 oo

171 949 176 956 ·
260 923 426 995 Concilium,
440 924 485 986 eui
499 924 556 985 dux
570 924 706 994 Aurelius,
722 924 921 1008 ingeniumque

258 1004 452 1085 hugustinns¹
466 1004 545 1064 eruti
555 1001 644 1073 Quem
659 1001 759 1064 Christi
773 1005 861 1085 gratia
875 1009 985 1068 cornu⁸

259 1083 392 1144 Uberiore
406 1083 509 1163 rigans,
525 1089 620 1144 nostro
634 1084 729 1144 lumen
743 1083 819 1144 dedit
832 1097 891 1146 aevo

161 1223 174 1242 .-
261 1165 415 1224 hooensum
428 1180 492 1224 vero
505 1163 540 1224 de
554 1163 682 1224 lurnine:
700 1177 764 1222 nam
779 1163 857 1224 ribus
872 1163 921 1236 illl,

141 1247 166 1262 “’
260 1244 295 1305 Et
308 1243 373 1316 rito,
390 1247 417 1303 et
431 1242 550 1322 requies,
565 1241 640 1304 Deus
655 1247 713 1313 est;
726 1243 871 1324 ensisque
884 1243 1009 1325 volltptts
1076 1263 1109 1308 oo

261 1321 340 1402 Unus
354 1339 432 1384 arnor
443 1320 544 1384 Christi
559 1322 613 1394 est,
629 1339 702 1382 unus
716 1321 817 1389 Christi
831 1325 874 1384 est
887 1322 978 1386 honor
991 1312 1030 1388 illl
1045 1347 1052 1385 ε

260 1393 297 1464 Et
310 1399 378 1463 dum
391 1401 467 1462 nulla
481 1400 534 1462 sibi
548 1399 644 1462 tribuit
658 1400 730 1462 bona
743 1403 768 1478 t,
782 1401 815 1463 llt
830 1397 903 1464 Deris
918 1397 957 1464 llll

261 1479 372 1556 Omnia,
388 1482 459 1543 etin
473 1490 568 1543 saneto
582 1489 679 1562 regnat
692 1483 702 1519 ³
716 1482 849 1564 sapientia
865 1483 980 1566 templo.

301 1639 383 1702 lstlus
395 1654 464 1719 ergo
478 1639 550 1698 inter
563 1645 689 1710 cunctos,
704 1637 751 1722 qai
766 1637 801 1700 de
815 1653 899 1722 grege
915 1647 1010 1703 salleio

262 1721 375 1782 insanis
386 1718 518 1802 pepulere
532 1715 602 1779 ieras
612 1723 634 1791 ⁸,
650 1717 783 1780 industria
799 1722 896 1800 major,
1085 1736 1120 1783 oo

167 1829 171 1836 ⁴
262 1800 351 1882 Majus
368 1817 437 1882 opus
451 1797 539 1858 toturn
552 1798 727 1878 prestantius
741 1798 839 1859 imbuit
853 1798 960 1860 orbern.
1002 1861 1010 1872 ,

262 1880 333 1941 Nam
346 1878 652 1960 quocumqudgrodum
668 1881 806 1938 convertit
819 1878 933 1938 collidus
947 1877 1044 1952 hostis,

262 1960 379 2041 Quaque
393 1976 442 2039 per
456 1957 586 2038 ambages
602 1975 701 2038 anceps
716 1956 769 2016 iter
782 1957 836 2038 egil
851 1965 970 2038 opertas,

260 2037 350 2120 liujus
366 2035 400 2098 ab
414 2055 530 2098 oooursu
545 2044 588 2097 est
605 2037 771 2117 praesentiis,
786 2035 863 2096 mille
875 2035 981 2098 viarum

264 2116 375 2180 insidiis
389 2116 494 2178 aditum
508 2135 565 2177 non
580 2115 800 2197 repperientibus
809 2115 911 2194 ullum.
1089 2123 1122 2180 do

263 2197 412 2278 Quumque
425 2197 490 2257 soris
504 2196 593 2256 rabies
608 2193 751 2256 avidorum
764 2185 872 2257 exoiuso
888 2197 1016 2280 lnporum

265 2277 423 2348 Frenderet,
438 2277 523 2358 inque
537 2295 634 2336 ornnes
647 2275 789 2336 mendacio
804 2283 922 2338 verteret
936 2285 1025 2354 eum

263 2349 305 2418 Ne
320 2364 428 2420 mentes
450 2347 569 2416 ullarum
584 2355 677 2416 ovium
692 2370 868 2437 corrumpere
882 2355 986 2440 posset,

169 2481 172 2490 ι
267 2434 328 2498 Neu
342 2431 426 2498 dubia
441 2433 562 2516 obliquis
577 2433 700 2496 turbaret
713 2435 793 2496 eorda
806 2437 936 2517 querelis,

264 2515 344 2576 istius
358 2532 405 2576 ora
418 2515 470 2575 riri
483 2516 549 2575 feeit
563 2514 753 2575 Deuszistius
767 2535 814 2576 ore
1051 2545 1060 2566 ··
1093 2529 1125 2581 ru

263 2594 394 2658 Flumina
408 2595 562 2658 libroruml
580 2594 718 2656 mundum
732 2594 863 2656 effluxere
878 2616 1064 2678 peromnem,

146 2847 151 2856 '
166 2841 278 2894 concites
286 2846 362 2892 tenus
378 2839 526 2902 tCarthage
539 2851 597 2888 sous
610 2838 633 2887 le
663 2835 744 2886 seinte
755 2835 867 2886 destines
877 2838 892 2886 u
901 2851 986 2888 socrer
996 2839 1032 2891 les
1043 2839 1095 2894 rois
1106 2852 1132 2896 et

165 2917 232 2969 pape
244 2903 354 2954 Zosime,
663 2901 699 2947 les
715 2899 811 2960 pretres
823 2901 881 2949 ohez
898 2899 934 2950 les
955 2899 1083 2968 hebreus,
1105 2913 1132 2957 et

202 2969 211 2999 ¹
227 2985 240 3011 ι
258 2967 357 3014 Pacem.
373 2982 385 3008 ι
407 2964 427 3013 ll
441 2964 510 3026 ,erait
532 2965 635 3025 d’usage
664 2967 715 3014 norl
728 2961 799 3024 point
813 2959 861 3012 alo
872 2969 948 3015 corne
960 2964 991 3014 de
1004 2965 1128 3018 laehevre

166 3031 233 3081 dens
243 3027 270 3076 la
287 3027 419 3090 primitive
432 3025 517 3090 Egllse
529 3025 560 3075 de
577 3026 639 3074 don·
667 3025 811 3078 Amalthea.

167 3090 250 3142 nerle
262 3089 346 3140 baises
360 3088 391 3138 de
405 3088 490 3151 paixtr
509 3101 573 3138 ceux
592 3101 642 3160 que
700 3084 712 3121 ⁸
733 3105 744 3131 e
762 3086 838 3137 Nulla
857 3087 904 3137 sibi
923 3089 1014 3140 trlboit
1032 3090 1133 3142 bone.»

125 3174 131 3180 ·
169 3153 223 3204 l'on
230 3151 367 3202 admettail
376 3150 439 3200 dans
447 3151 472 3198 la
480 3163 645 3202 communion
672 3150 737 3200 C'esl
748 3149 772 3199 lo
789 3151 914 3201 contraire
928 3151 959 3200 de
974 3165 1002 3200 oe
1018 3164 1068 3214 que
1079 3153 1137 3206 tont

169 3213 333 3268 desfloeles.
371 3271 373 3276 y
675 3213 711 3263 les
731 3213 831 3277 lugrars
858 3226 891 3262 ou
916 3213 1032 3263 ennemis
1059 3214 1091 3264 oe
1112 3217 1137 3266 lo

205 3277 243 3321 ⁸·
264 3275 395 3337 Aurelius,
416 3273 650 3334 insusurrante
677 3275 763 3340 grtes.

202 3337 300 3390 remier
323 3337 385 3388 ttait
413 3338 508 3400 oreque
539 3337 569 3386 de
594 3337 652 3385 Car·
709 3335 748 3381 ἀ
772 3337 880 3399 Regnat.
902 3345 915 3380 a
935 3333 1139 3400 salntlorusun

177 3410 189 3453 t
215 3413 273 3464 age,
290 3399 314 3450 lo
338 3401 429 3450 second
448 3400 543 3462 tneque
566 3396 656 3462 d‘llip-
678 3399 761 3448 vivait
778 3412 868 3471 enoore
883 3398 983 3459 lorsque
993 3399 1058 3448 saint
1068 3400 1140 3482 Prps·

191 3474 267 3567 poio«.
277 3524 372 3574 Cornu.
386 3544 397 3568 ι
409 3524 479 3574 Saint
490 3525 598 3586 Prosper
614 3521 659 3573 tait
679 3473 726 3573 iii
736 3459 1078 3575 ddrdidtdsdiesiriigiiridtim
1089 3463 1139 3516 lan

192 3585 305 3636 allusion
326 3585 356 3636 ici
379 3586 431 3636 ila
451 3599 536 3639 cerne,
563 3585 660 3634 o’rsl-tr·
712 3582 1140 3652 ⁶ulnsnnasteresulmsPelopiam.

119 3693 125 3714 ,
179 3646 660 3713 ‚direaureaequireniermaitl'huile
712 3647 747 3690 ru
770 3643 887 3694 Flumina
907 3645 1041 3711 librorum,
1058 3658 1106 3704 ete.
1126 3679 1137 3728 q

1045 3839 1108 3923 rrd
