2562 4028
481 158 607 208 smoinlt
620 153 838 206 murrum.

281 260 446 342 bosphoreis
455 259 568 342 elepbas
580 258 714 340 inglorius
726 278 773 318 orn
784 253 918 316 tributis
969 295 973 304 ·
1100 268 1137 313 25

283 342 406 422 Porrigis
414 342 559 422 ingentem
572 338 700 420 spatiosis
713 335 851 398 moenibns
864 331 973 422 urbem,

281 422 372 492 Quam
383 431 477 482 tamen
488 429 635 500 angustam
645 418 763 498 populns
774 417 848 477 iacit.
862 414 919 474 Itur
933 431 962 471 m
976 429 1069 493 aeqoor

281 500 401 562 Motibus
417 507 438 571 ¹,
454 509 483 561 ct
495 507 601 560 veteres
612 499 694 559 telins
705 517 775 557 nom
790 493 927 556 contrabit
939 489 1038 552 undas.

282 581 408 673 Namque
421 579 588 641 Dicarcheae
601 584 613 616 ²
625 577 773 639 banslntus
785 575 874 657 pulvis
884 590 974 634 arene

283 657 797 738 lntratmsolidetnraquisdnrataqne
811 675 899 715 masse
1100 667 1135 711 oo

283 739 410 801 Sustinet
419 739 547 800 adrectos
558 738 702 820 peregrino
716 737 745 797 in
759 737 867 817 gurgite
877 754 998 816 campos.

284 818 333 884 Sic
342 829 369 880 te
382 819 554 900 dispositam,
568 825 793 899 spectantemque
802 815 926 896 undique
937 821 1032 898 portus
1048 817 1069 884 ³,

283 899 418 960 vabrum
431 899 540 980 pelago,
555 906 689 958 terrerum
700 894 847 975 commoda
858 894 990 977 cingunt:

284 979 432 1040 Fortunata
441 979 518 1050 satis,
535 976 632 1038 Romae
645 977 744 1059 partite
758 973 910 1052 triumphos
926 997 933 1035 :

284 1059 318 1120 Et
329 1059 387 1139 jam
399 1077 456 1118 nnn
469 1057 624 1139 querimur,
635 1057 724 1118 vatent
734 1055 832 1115 divisio
841 1055 920 1136 regni
934 1078 940 1114 :
1013 1107 1021 1124 ,
1104 1069 1139 1112 35

284 1137 459 1199 Concordem
470 1135 555 1198 lancis
570 1145 660 1219 partes
670 1137 681 1170 ⁴
692 1157 700 1207 ;
713 1135 911 1216 dnm'pondern
925 1141 1016 1202 nostra

286 1216 419 1300 Suscipis,
436 1217 562 1299 equasti.

543 1391 689 1440 Portrttt
703 1393 763 1440 dee
781 1391 882 1438 Ιιιιιε.

327 1525 415 1586 Albos
427 1526 609 1608 Hyperboreis
618 1526 720 1587 Tanais
732 1527 786 1608 qud
794 1524 911 1586 vallibus
922 1531 999 1584 ectus

287 1604 402 1686 Ripbaen
415 1605 451 1666 de
464 1613 544 1667 ceute
558 1607 568 1640 ⁵
584 1604 669 1682 cedit,
682 1607 756 1688 jacet
772 1625 822 1665 exe
834 1605 886 1665 sub
897 1621 969 1664 urse

287 1685 361 1748 Gens
373 1685 472 1746 animis
484 1684 671 1776 membrisque
685 1686 797 1746 minax:
813 1685 851 1745 ita
864 1681 988 1745 mitibus
999 1680 1065 1761 ipsis
1105 1697 1141 1743 40

287 1763 426 1825 losantdm
437 1786 505 1825 suus
519 1764 617 1826 horror
625 1775 706 1825 mest.
724 1764 871 1846 Consurgit
882 1764 912 1826 in
925 1768 1030 1823 arctum

289 1843 377 1905 Massa
389 1845 507 1906 rotunda
520 1851 602 1927 ceput
612 1848 636 1908 ⁶.
649 1844 774 1906 Geminis
785 1843 837 1905 sub
850 1844 940 1904 fronte
950 1839 1071 1916 ceremis

289 1923 371 1986 Visus
381 1925 459 1986 adest
467 1923 554 1986 oculis
568 1923 748 1986 absentibus:
765 1931 823 1984 ecte
835 1922 940 1984 cerebri

289 2004 321 2064 br
333 2024 471 2066 cameram
483 2004 529 2066 vix
539 2004 573 2064 ed
586 2005 643 2065 refu
665 2024 696 2065 os
706 2004 753 2065 lox
766 2003 890 2086 pervenit
904 2001 994 2074 orbes,

288 2081 350 2143 Non
361 2090 455 2144 temen
468 2090 497 2145 et
507 2083 626 2146 clausos.
642 2025 712 2145 dam
722 2083 825 2144 fornice
838 2102 895 2144 non
905 2082 1036 2165 spetioso,
1110 2095 1144 2142 te
1165 2087 1172 2100 '

202 2175 207 2182 “
289 2161 389 2242 Magna
400 2163 496 2224 vident
507 2163 605 2242 spatia,
618 2171 646 2224 et
661 2162 772 2244 majoris
785 2161 900 2224 luminis
915 2181 997 2223 osum

292 2240 438 2323 Perspicua
455 2243 483 2303 in
495 2243 584 2323 puteis
598 2251 779 2325 compensent
787 2250 887 2326 puncta
900 2239 1043 2324 profundis
1054 2244 1079 2314 ⁷,

226 2468 261 2514 ¹«
281 2468 334 2519 ltur
353 2468 380 2519 in
399 2482 486 2534 aequor
507 2473 625 2522 molibus.
638 2493 650 2516 ι
676 2473 728 2524 loin
741 2481 767 2524 et
776 2487 808 2524 en
827 2473 929 2524 tireient
940 2486 973 2522 un
995 2474 1044 2524 bon
1057 2474 1145 2538 profit.

193 2529 302 2595 zosime,
308 2531 346 2582 dit
357 2533 425 2583 aussi
436 2534 498 2584 dens
509 2535 533 2584 le
543 2543 575 2584 ιιο
588 2535 652 2584 livre
709 2536 744 2581 ³«
761 2537 857 2586 Portus
872 2554 883 2580 n
898 2535 1029 2586 Accusatis
1047 2537 1145 2599 pluriel

193 2591 224 2640 de
246 2605 291 2643 son
310 2595 414 2666 bistoire
437 2595 538 2708 qn'ibp
560 2597 627 2646 avait
635 2597 654 2669 b
677 2597 789 2692 repiper
801 2603 992 2660 «spectantem.
1005 2617 1016 2642 n

192 2653 397 2720 Constantinople
418 2657 513 2708 desedi
535 2671 576 2709 ces
589 2659 654 2710 botis
739 2679 751 2704 α
765 2659 925 2710 Concordem
936 2659 1017 2710 lancis
1027 2667 1122 2722 partes.
1131 2679 1144 2704 υ

193 2728 238 2765 snr
247 2717 273 2766 lo
284 2731 348 2788 mer.
529 2781 534 2792 .
680 2720 716 2771 les
728 2721 847 2792 plemanx
856 2721 887 2772 de
898 2721 922 2770 le
931 2721 1038 2772 balance
1047 2728 1104 2772 som
1112 2735 1145 2771 en

225 2777 451 2850 ⁹«Drcprchaeae,u
466 2782 497 2831 de
507 2782 595 2832 orccar
613 2795 654 2841 ue,
681 2783 816 2846 equilibre.
874 2821 885 2838 .

194 2839 354 2890 c'est-b-drre
367 2841 399 2890 de
412 2843 581 2893 Pouzzole.Di
611 2857 656 2894 er-
711 2845 769 2895 ⁸Le
800 2847 902 2907 Tanais,
935 2845 1100 2909 aujourd'hui
1122 2845 1147 2896 le

193 2913 242 2963 que
250 2907 288 2950 est
296 2900 403 2952 l’ancien
414 2917 475 2954 nom
483 2905 515 2954 de
526 2906 655 2956 Ponzzole.
680 2905 789 2956 non-u
798 2908 1050 2972 Ripbaeecaute,cles
1062 2915 1148 2958 monte

195 2962 268 3010 --Le
286 2963 382 3071 pondre
403 2965 436 3014 de
456 2967 575 3016 Pouzzole
587 2981 620 3017 ou
632 2967 657 3016 le
681 2968 798 3060 Riphees.

193 3035 343 3135 poorzolanc
355 3030 393 3074 est
404 3039 454 3076 une
464 3030 552 3089 espece
565 3028 596 3078 de
615 3042 655 3078 sa·
739 3049 750 3074 «
764 3031 793 3080 111
810 3038 911 3081 arctum
923 3036 1033 3096 ceput.»
1049 3045 1081 3082 en
1094 3030 1146 3081 tor·

212 3085 235 3140 le
248 3097 296 3156 qui
313 3092 364 3136 sert
382 3086 413 3137 de
434 3087 542 3139 ciment.
554 3089 609 3140 Etle
619 3093 658 3140 est
681 3103 724 3142 me
736 3092 767 3142 de
778 3093 829 3144 tete
841 3094 940 3144 etroite.

194 3146 322 3216 tres-utile
337 3161 400 3210 pour
420 3148 457 3198 les
474 3151 658 3201 constructione
715 3153 725 3183 ⁷
740 3173 751 3198 α
765 3155 869 3218 Majoris
879 3154 995 3217 luminis,
1008 3173 1019 3198 ι
1032 3154 1073 3204 mil
1090 3154 1149 3218 plus

195 3209 400 3288 sarzeslsurrnen,
418 3211 659 3281 parcequ'elleala
681 3216 771 3278 grand.
784 3245 815 3254 -
829 3236 840 3261 α
855 3218 992 3288 Perspicua
1014 3216 1042 3266 in
1066 3216 1150 3279 puteis

195 3271 660 3405 isitresottoniensem
683 3278 1150 3402 intensionemibm

197 3400 239 3442 tur
249 3405 328 3454 equis.
342 3413 353 3438 n
366 3394 472 3445 Vitruve
482 3400 599 3456 rapporte
611 3409 660 3456 que
685 3399 747 3448 d’un
760 3401 835 3460 pnite.
848 3401 1002 3452 ceste-dire
1019 3401 1044 3450 le
1054 3401 1151 3452 turolte

199 3455 233 3524 les
245 3453 373 3505 habitants
387 3456 430 3505 des
441 3468 594 3526 campagnes
609 3457 662 3506 voi·
686 3461 727 3508 d’a
744 3462 856 3511 ercevoir
867 3463 903 3514 les
914 3464 972 3526 plus
981 3465 1057 3524 petits
1068 3464 1152 3526 obJ'ets

200 3526 265 3566 sones
280 3514 314 3566 du
326 3518 428 3568 vesu've
441 3517 616 3584 l'cxporcarent
628 3532 661 3569 nu
685 3534 718 3570 nu
727 3474 791 3573 liond
802 3523 864 3572 d'on
876 3526 951 3592 puin.
