2566 4028
394 199 679 324 uenenum
681 199 710 303 S
750 200 980 308 iuuene.

246 621 319 672 Floie
342 607 492 684 (Drepanins
514 621 621 686 Florus),
641 635 675 670 un
696 622 740 670 des
759 621 844 684 poetes
866 621 902 671 les
918 622 976 684 pins
995 623 1109 684 elegante
1126 625 1164 676 du

214 693 250 732 110
275 683 357 740 siecle,
378 684 416 734 snt
435 684 537 732 d'aborri
566 686 649 734 diacre
676 690 702 733 et
727 683 825 732 ensuite
854 687 937 744 preire
952 686 982 734 de
1004 686 1106 749 rugire
1127 689 1160 738 de

213 746 292 808 Lyon.
307 747 327 795 u
337 746 451 809 jouienit
464 746 526 793 oms
542 760 584 795 son
608 754 690 800 temus
702 746 776 794 d'une
789 746 884 808 grande
897 748 1037 806 reputation
1048 756 1074 798 rt
1084 749 1101 797 u
1121 751 1161 800 sut

213 807 307 870 oberge
333 822 377 870 par
402 807 575 870 rugusedorn
598 807 615 856 il
637 807 718 857 trisait
746 809 827 868 partie
848 808 879 856 de
900 810 1024 871 repondre
1047 824 1098 859 aux
1117 825 1160 861 so·

212 868 324 980 phismles
346 870 462 982 dpssoiean
481 869 538 918 Soot
559 870 665 932 Erigene
682 883 726 918 sur
747 869 772 917 ta
788 869 993 931 predestination.
1016 871 1036 920 ll
1053 880 1161 924 mourut

216 943 273 980 vers
308 945 339 981 an
411 969 416 981 .

517 1309 696 1393 esrum
726 1282 861 1392 niu.

350 1543 409 1604 Lux
423 1541 491 1602 mibi
506 1560 573 1623 pum
585 1540 689 1614 Deus¹,
706 1540 779 1601 Deus
792 1548 834 1602 est
850 1539 918 1600 mihi
935 1539 1025 1602 vivida
1036 1543 1124 1606 virtus
1141 1569 1148 1604 ε

310 1621 367 1694 Neo
381 1621 507 1682 tenebras
523 1621 618 1700 igitur,
634 1641 685 1680 nee
699 1621 796 1680 mortis
805 1621 866 1701 jure
882 1621 1005 1683 verebor.

310 1697 368 1763 Hoo
380 1711 469 1762 tutore
483 1721 543 1761 mei
559 1710 586 1762 et
600 1701 725 1759 munitur
739 1701 858 1781 denique
875 1700 938 1773 vito,

309 1781 350 1842 Ne
364 1803 408 1842 me
423 1781 479 1841 rtiro
494 1783 556 1841 loeo
571 1783 656 1861 possit
672 1779 788 1839 sormiio
802 1797 928 1853 movere;

310 1861 365 1923 Sed
378 1881 506 1942 spernam
518 1869 631 1920 cunctos
644 1859 764 1920 robustis
776 1860 879 1920 viribus
892 1862 993 1929 hostes,
1068 1911 1074 1922 .
1151 1883 1166 1926 s

310 1940 360 2012 Qui
374 1950 519 2022 properant
532 1951 638 2000 nostres
655 1939 735 2000 mulis
750 1939 895 2000 absumere
913 1961 1018 2001 earnes.

309 2021 380 2082 Eece
395 2029 579 2082 meumtonto
591 2019 701 2102 pnlsent
715 2020 762 2099 qui
775 2021 884 2081 turbine
895 2025 1001 2102 peetus,

309 2099 418 2162 Robore
433 2101 550 2161 contrito
568 2101 638 2160 tristi
654 2098 758 2179 periere
774 2101 862 2159 ruine.

310 2179 375 2240 Sive
385 2201 450 2261 orgo
462 2179 558 2240 eastris
572 2179 697 2254 sedeant,
713 2199 761 2238 seu
778 2180 867 2258 puelia
882 2186 998 2249 tentent.

308 2261 415 2398 genum
430 2261 512 2320 eorde
525 2265 656 2327 metum²‚
675 2278 752 2338 spem
768 2264 823 2318 tou
839 2270 930 2319 mente
942 2279 1092 2322 resumam.
1132 2279 1165 2328 ιο

334 2359 401 2398 num
416 2345 467 2408 est,
482 2338 556 2419 quod
571 2339 635 2398 oreti
650 2337 798 2398 Dominum
816 2340 980 2420 intenseque
994 2341 1120 2422 poposci,

309 2415 443 2500 Quodque
459 2420 556 2477 ardens
572 2417 674 2476 uimio³
691 2418 744 2477 voti
761 2418 865 2478 fervore
879 2419 1027 2499 requiram,

309 2495 345 2558 Ut
360 2518 485 2558 moneam
499 2499 605 2557 eunetis
620 2496 718 2557 Christi
734 2497 785 2558 sub
799 2498 935 2559 moenibus
947 2499 1055 2574 anuis⁸,

309 2577 397 2656 lpsius
413 2587 441 2638 et
457 2586 551 2637 saneto
564 2597 673 2656 semper
691 2597 842 2638 succensus
854 2599 962 2657 umore,

310 2656 416 2738 Saepins
430 2657 523 2718 oeterni
538 2657 625 2717 visum
635 2676 711 2715 saera
729 2656 820 2716 iimina
837 2659 944 2737 templi.
1133 2672 1166 2720 15

309 2737 415 2798 Hieme
430 2757 549 2816 numque
564 2736 626 2796 seris
638 2755 724 2816 quum
737 2739 863 2816 cingerer
876 2738 996 2819 undique
1007 2736 1102 2810 bellis,

309 2815 368 2877 Sub
380 2818 487 2897 proprio
506 2815 649 2877 obseourlit
664 2814 795 2884 thalamo,
811 2816 936 2896 velisque
949 2817 1062 2878 sacratis

310 2895 455 2956 Obteetnm
468 2903 543 2976 groti
557 2895 674 2955 uim'u'nn
693 2894 815 2954 confovit
830 2895 857 2955 in
872 2898 979 2958 umbri.

311 2974 417 3036 Hieme
428 2976 574 3057 praevutidb
585 2976 642 3035 suxi
655 2973 780 3036 sublimis
793 2975 822 3034 in
833 2995 894 3037 erce

247 3233 255 3263 ¹
273 3231 356 3296 Voyez
367 3232 389 3282 te
402 3233 508 3282 Psaume
519 3246 575 3282 xxvi
587 3247 613 3278 :a
628 3233 676 3283 Do·
705 3233 879 3295 «deponam»
891 3233 923 3282 Le
933 3232 1023 3296 simple
1035 3234 1168 3297 remplaee

213 3294 299 3344 miuus
317 3295 468 3344 illuminatio
486 3309 541 3344 mea
562 3305 588 3344 et
607 3297 676 3344 salus
705 3295 728 3344 te
740 3297 866 3356 rompoe.

214 3369 285 3419 mea3
302 3371 378 3468 poem
398 3357 513 3407 timebo?
533 3376 544 3400 »
737 3358 747 3386 ³
766 3377 777 3401 o
791 3357 875 3405 Nimio
888 3375 899 3400 ι
911 3356 1032 3420 e'quivaut
1043 3357 1059 3405 b
1072 3375 1084 3402 ι
1098 3359 1168 3408 mul·

246 3419 258 3448 ²
276 3439 287 3463 r
323 3433 398 3468 onam
415 3420 489 3469 eorde
509 3424 615 3479 motum,
628 3437 639 3461 r
648 3421 676 3480 je
704 3425 739 3480 to,
753 3432 856 3482 magno.
871 3439 883 3463 r

214 3478 329 3531 bennirai
357 3489 425 3532 toute
450 3481 546 3532 crainte
564 3481 595 3529 de
615 3495 676 3532 mon
737 3482 749 3510 ⁴
766 3500 777 3524 r
792 3481 893 3529 eunetis
910 3477 1016 3541 annio»
1031 3485 1118 3532 tontes
1131 3481 1171 3532 les

215 3553 293 3593 eoeur.
316 3562 328 3589 ι
350 3544 445 3594 Ponam
465 3561 477 3587 ι
500 3550 538 3593 est
556 3543 588 3592 iei
610 3556 676 3605 pour
705 3543 798 3592 annees
808 3543 850 3605 (de
866 3555 909 3590 ma
921 3542 980 3603 vie).
