2566 4028
206 205 253 256 ua
575 191 796 254 rntooomne.

298 303 402 369 Gaudia
413 305 496 386 ionga
511 305 622 374 habeas.
634 305 812 388 garriensque
825 303 994 386 perenniter,
1008 310 1026 367 o
1039 323 1100 380 rex,

338 385 408 448 Cum
423 388 498 468 pro'e
512 397 594 468 atque
609 387 691 447 domo
703 385 802 468 garrdia
821 386 901 466 ionga
917 384 1030 445 trabeas.

297 464 338 526 'l'u
354 465 437 526 doctis
452 466 642 547 omnigenum.
655 467 820 544 longamque
832 473 923 525 terreto
935 464 1054 526 salutem

338 545 408 606 Cum
420 545 492 606 ciero
505 555 533 606 et
546 546 646 628 poputo
659 553 687 606 tu
701 544 784 606 deeus
796 545 1003 625 omnigenum
1123 563 1157 607 πο

296 621 367 686 Nam
382 635 427 686 tua
443 637 518 706 grata
532 624 606 684 salus
621 625 678 684 istis
692 633 735 684 est
746 625 838 684 lumen
851 624 947 685 ocellis
957 627 978 696 ¹,

340 705 390 766 Est
403 725 420 764 o
441 705 521 766 tanda
534 703 613 764 bonis
625 724 689 763 uam
703 716 746 764 tua
761 713 836 784 grata
850 703 934 764 salus.

301 781 400 854 Macte,
413 725 497 845 (fertus
512 784 617 867 popuii,
631 784 721 845 Caesar
736 783 884 844 fortissime
896 791 996 856 macte.

341 865 439 948 Inclyta
454 872 560 944 sceptra
572 873 681 936 tenens,
698 871 797 932 macte,
811 863 896 924 decus
909 861 1012 944 populi.

300 941 488 1022 lnduperator,
498 963 548 1004 nvo
559 943 673 1024 tongum
683 943 820 1004 triimente
833 942 967 1016 Tonante,
1122 961 1157 1004 as

342 1019 429 1084 Sume
443 1041 538 1085 meum
551 1022 641 1097 totus,
659 1021 845 1104 induperator,
861 1041 924 1084 are.

496 1239 533 1286 Ι.
551 1239 590 1286 ln
605 1239 722 1286 11131Ιὴ
741 1237 960 1286 nthltorhow.

302 1375 354 1454 uiri
370 1379 448 1459 cupis
462 1398 523 1440 esse
537 1377 637 1450 bonus,
654 1378 702 1459 qui
715 1379 798 1438 vitam
814 1378 915 1460 qoaeris
929 1378 1086 1456 honestam,

341 1458 385 1520 Me
399 1469 469 1548 pete.
484 1469 510 1518 te
523 1477 635 1532 moneo,
649 1455 777 1537 irrogo*
789 1466 881 1518 saneta
895 1455 955 1518 Dei.

301 1538 370 1600 Sum
383 1556 436 1608 un,
453 1557 514 1599 sum
527 1537 584 1609 lux,
599 1558 660 1597 sum
672 1537 786 1602 doctrix.
803 1558 865 1596 sum
878 1537 985 1599 conseia
996 1539 1053 1600 rari
1064 1544 1088 1618 ⁸,

344 1617 451 1678 Lumen
468 1618 674 1687 inexstinctum,
691 1617 738 1699 qui
754 1617 821 1677 mihi
839 1628 925 1696 paret,
943 1617 1034 1680 hahet.

305 1698 405 1762 Coetiea
417 1717 501 1777 regua
515 1717 591 1779 paro,
609 1697 747 1757 mundana
760 1696 928 1776 sophismata
937 1697 1038 1780 parido,

345 1777 482 1841 Omnibus
495 1777 523 1837 iu
538 1777 619 1836 rebus
632 1777 721 1858 potieo
736 1777 795 1838 sive
805 1779 878 1839 eino.

303 1857 385 1921 Utere
400 1877 455 1928 me,
470 1857 565 1928 lector,
582 1857 739 1937 mentisque
752 1859 779 1916 in
793 1857 860 1917 sorte
875 1858 973 1930 iocatur

344 1939 494 2022 Quumque
507 1937 608 2000 librum
620 1938 690 2018 petis
700 1939 786 2010 hune,
800 1936 837 1997 sit
850 1937 900 1998 ribi
914 1939 969 2000 lota
981 1955 1092 2000 manus.

563 2111 615 2176 kl.
631 2120 734 2188 Super
749 2125 899 2186 lunum.

305 2285 475 2368 Pauperibus
489 2297 588 2370 pateat,
606 2289 721 2356 Praesul,
738 2291 784 2350 tua
795 2291 879 2371 janua
894 2308 1003 2371 semper

345 2367 416 2427 Cum
432 2367 539 2428 miseris
556 2367 702 2430 Christus*
718 2371 841 2432 intentet
857 2371 915 2450 ipse
928 2331 1022 2435 simui.

304 2444 344 2506 De
366 2465 399 2506 ue
413 2447 467 2507 tuis
477 2448 565 2527 epuiis
578 2459 703 2530 pascatur
716 2470 817 2532 pauper
831 2470 946 2532 egenus,

344 2466 380 2588 ῧῑ
395 2526 510 2592 conviva
524 2548 608 2610 queas
619 2527 705 2592 iectus
716 2529 811 2592 adesse
823 2523 891 2593 Deo.

546 2744 612 2794 xu.
629 2743 733 2807 Super
748 2749 931 2807 mearunt.

309 2883 362 2954 Qui
374 2883 469 2945 latices
482 2885 622 2966 quondam
638 2885 692 2947 vini
705 2888 839 2949 convertit
851 2889 878 2950 in
891 2911 985 2970 usum,

350 2963 385 3024 Et
395 2963 480 3025 soritis
494 2965 616 3047 speeiem
631 2965 695 3028 iecit
708 2967 808 3030 habere
825 2971 905 3043 meri,

247 3199 255 3232 ¹
275 3217 286 3243 ιι
304 3197 359 3248 istis
375 3198 468 3247 oeeittr.
484 3219 495 3244 u
512 3201 543 3248 te
556 3201 639 3264 etergt
651 3209 677 3253 et
736 3205 746 3234 ³
766 3205 853 3254 «Sum
865 3207 964 3257 conseia
975 3207 1040 3270 veri,
1056 3209 1108 3272 eje
1120 3211 1175 3262 suis

212 3259 235 3310 lo
255 3261 344 3322 peupte
363 3269 419 3309 sont
436 3263 564 3324 compares
583 3265 676 3314 urteux
704 3266 852 3328 depositura
866 3271 896 3319 rte
912 3270 933 3318 tu
948 3270 1036 3319 verite.

213 3335 277 3382 yeux
296 3336 359 3385 pour
384 3322 490 3384 tesquets
513 3325 535 3372 te
559 3325 624 3374 salut
646 3327 676 3377 ne
737 3329 746 3358 ⁰
765 3348 776 3374 α
793 3331 926 3381 otuinus„
938 3331 1030 3396 Vopez,
1042 3337 1174 3397 page258,

213 3383 396 3447 Ctmrleuague
414 3392 452 3435 eu
467 3385 533 3435 aussi
546 3385 674 3450 irrdrspen·
703 3395 798 3440 notet.
1117 3403 1129 3412 ·

214 3444 342 3510 rabieque
356 3447 376 3493 tu
391 3446 506 3498 tumiere.
735 3453 746 3481 ⁵
765 3454 797 3502 Le
816 3453 1001 3505 christianismo
1014 3457 1084 3506 avait
1098 3458 1174 3510 telle-

246 3507 257 3536 2
277 3523 291 3554 rr
313 3509 363 3557 tex
382 3521 439 3574 ego.
462 3527 474 3554 ι
491 3509 554 3559 sous
564 3512 675 3562 emendo
705 3521 776 3564 ment
794 3517 898 3578 penetre
912 3517 974 3565 dans
986 3516 1011 3565 la
1029 3519 1070 3568 rie
1089 3520 1176 3584 cinito,

216 3577 332 3616 asom.»
704 3587 754 3636 que
770 3582 853 3628 touton
865 3577 902 3628 tes
919 3577 1055 3630 habitudes
1071 3581 1119 3632 der
1138 3583 1176 3633 d-
