2522 4024
197 205 244 262 182

549 193 639 254 seint
655 193 778 254 OlllENT.

292 307 410 371 Contere
421 305 557 369 calcetum
569 318 634 369 euni
648 305 744 367 mnndi
759 303 886 390 principe
897 293 1065 384 rnundurn,¹

330 387 365 450 Et
376 387 441 472 fuge
451 385 560 450 leseiris
575 386 688 450 eredere
697 385 816 450 deliciis.

541 614 591 662 vl.
603 614 727 662 (1222122
741 611 903 662 1222221222

295 781 439 844 ltnmensis
451 799 578 864 properes
589 777 669 842 terris
683 781 854 862 conjungere
865 788 962 854 terres,
1053 775 1070 829 Ἃ
1096 798 1150 852 225

337 861 510 924 Gleudendus
520 861 596 942 pnrvi
607 878 745 921 22222222
758 861 915 941 sarcofagi?

295 943 419 1004 Alterius
431 943 532 1003 damno
547 941 608 1002 fieri
622 941 784 1020 locupletior
798 941 909 1000 anubis?

335 1021 414 1093 Quod
426 1023 500 1102 rapis
514 1041 548 1082 ex
560 1021 629 1094 aliis,
646 1041 711 1081 nrox
725 1021 777 1082 erit
790 1021 913 1096 ulterius,

296 1101 330 1164 Et
344 1123 425 1162 cursu
441 1101 522 1163 eeleri
534 1103 576 1164 sie
587 1110 648 1182 post
659 1102 757 1160 aruisse
771 1099 888 1180 dolebis
1042 1143 1046 1148 -

336 1181 372 1244 Ut
387 1181 500 1243 doluere
513 1181 553 1242 illi
568 1182 615 1264 qui
625 1189 740 1245 tenuere
751 1181 836 1262 priris.
1100 1197 1149 1244 232

296 1265 353 1326 Cet
367 1281 425 1324 non
439 1273 547 1322 casuras
561 1264 711 1322 irnrnensas
722 1260 859 1321 construis
873 1275 959 1333 22222,
1050 1303 1068 1310 ..

337 1341 504 1421 lpseternen
518 1343 616 1421 raptim
631 1341 678 1422 qui
693 1341 843 1400 meriturus
857 1339 920 1418 eris.
978 1379 982 1386 ·

298 1421 436 1490 Quaeritur
450 1421 602 1481 insomnes
617 1429 729 1482 1222212
741 1420 834 1480 lueida*
842 1419 922 1495 virro,

337 1500 518 1561 llarnrnribus
530 1501 611 1560 variis
625 1499 741 1572 lubrice,
756 1499 825 1560 eella
841 1499 888 1560 nti
902 1507 928 1560 ¹:

298 1580 441 1661 Tanquam
455 1579 834 1660 uonedeetliguiseueuritiu
849 1586 918 1640 teett
1101 1595 1151 1642 222

339 1657 369 1720 12
384 1659 456 1720 bene
471 1679 569 1721 securo
583 1670 693 1742 pestere
707 1668 766 1720 tute
780 1660 870 1740 quies.

303 1738 383 1818 Certe
397 1759 455 1801 nou
470 1740 547 1802 aliter
560 1740 678 1801 sitientia
692 1739 795 1822 proluit
806 1757 864 1812 222,
1141 1779 1148 1790 ·

339 1819 428 1890 Quem
440 1821 539 1903 pelrnae
551 1820 711 1891 obtulerint,
729 1831 812 1912 quern
822 1833 887 1879 2222
902 1835 1023 1899 genuere,
1039 1818 1129 1900 liquor
1143 1840 1151 1892 ;

300 1897 336 1962 Et
350 1901 390 1961 si'e
400 1902 552 1984 suscipient
565 1900 652 1962 rabidi
660 1899 765 1982 jejunia
779 1899 882 1960 ventris

339 1980 414 2051 Quos
428 1981 542 2042 cristelle
559 1981 672 2053 debunt,
687 1999 814 2061 quosque
825 1977 1024 2060 petelleeiltes.
1104 1993 1156 2040 212

300 2059 413 2138 Annon,
429 2061 556 2141 pellendo
570 2060 690 2142 glacialis
705 2059 805 2139 frigore
819 2058 937 2132 11222222,

342 2139 419 2199 Hirta
431 2139 479 2201 tilri
493 2141 594 2201 rnelirls
609 2139 689 2221 pallia
703 2139 809 2279 praebet
823 2138 893 2212 evis,
974 2185 977 2190 .

303 2217 392 2287 Quern
405 2239 477 2298 quare,
498 2220 601 2280 lentato
614 2237 662 2299 per
673 2219 701 2278 lu
723 2219 778 2279 rire
791 2217 836 2278 lile
850 2217 971 2290 metello,

340 2298 470 2358 Alternus
483 2299 586 2378 frangit
597 2298 682 2359 vestis
691 2307 793 2359 ennete
804 2298 928 2378 gindus?

299 2377 464 2452 Argentum,
480 2385 507 2437 et
521 2378 579 2438 euri
594 2379 691 2454 rnoles,
706 2387 733 2438 et
747 2398 857 2458 gemme
870 2396 1026 2450 coruscans
1104 2393 1154 2439 222

302 2487 304 2494 v
340 2455 487 2528 limando,
506 2466 533 2516 et
546 2457 642 2518 rnuudi
655 2467 707 2532 est,
725 2457 790 2518 hine
801 2456 887 2530 venit,
903 2457 949 2518 hie
960 2457 1073 2520 residet.

299 2532 405 2614 Venisti
419 2536 594 2598 inmundum
607 2535 709 2610 nudus,
723 2537 871 2620 nudusque
883 2535 984 2600 redibis
996 2557 1017 2610 ;Ι

315 2694 317 2696 ¹
340 2615 386 2677 Nil
403 2621 494 2678 teeurn
510 2619 648 2688 attuleras,
665 2617 735 2678 ferre
746 2615 814 2678 nihil
831 2617 943 2698 poteris.

300 2685 384 2758 Ferre
399 2706 492 2758 tnrnen
504 2698 606 2782 puteris
617 2705 773 2778 contempte
785 2696 832 2757 hle
845 2717 960 2762 inuuere
974 2695 1072 2760 mundi
1084 2720 1094 2774 ;

340 2777 417 2837 lllitte
427 2789 582 2852 secuturus,
598 2797 659 2860 quae
674 2777 857 2858 duplicentur,
874 2798 951 2858 opes.
1104 2797 1156 2844 250

300 2852 371 2916 Nem
385 2866 489 2917 2222212
501 2861 514 2898 2
529 2859 611 2918 nimis
624 2875 686 2939 quse
699 2874 762 2916 mox
775 2857 846 2917 bonu
863 2875 921 2918 nun
934 2865 981 2919 tun
994 2856 1075 2934 litent,

342 2933 371 2994 Si
385 2935 434 2996 tibi
448 2956 504 2995 non
519 2955 622 3012 222222,
638 2937 678 2998 sie
691 2937 745 2998 erit
758 2944 789 2996 ut
804 2946 850 2996 tua
863 2941 927 2998 siut.

301 3013 412 3075 lllunere
428 3035 489 3095 quse
504 3016 588 3077 donat
599 3017 731 3088 moriens,
746 3017 804 3076 1222
819 3034 933 3078 munere
946 3024 1094 3091 2222221,

341 3094 432 3155 llonet
442 3095 518 3155 eninr
531 3096 606 3176 qued
615 3097 674 3178 jern
686 3095 787 3158 desiuit
798 3115 861 3158 esse
875 3116 968 3158 suunu

225 3343 247 3398 ‚¹
263 3341 423 3396 0222221222
445 3356 451 3391 :
473 3341 565 3391 «Cella
584 3341 668 3393 lueida
698 3343 827 3406 utensque
838 3343 1160 3408 tumetstropsoignense-

205 3413 309 3457 tenuato
322 3407 400 3468 virro,
421 3400 517 3456 lubrica
534 3403 666 3452 rnernrerl-
698 3411 770 3454 ruent
781 3419 814 3454 en
826 3407 937 3468 2222222,
950 3417 982 3454 22
991 3412 1077 3456 serent
1089 3406 1161 3456 bien·

204 3469 250 3518 bus
261 3470 338 3520 222112
347 3468 468 3532 queritur
483 3463 527 3518 tibi
539 3466 613 3528 (pour
627 3483 637 3508 2
651 3467 667 3515 t
698 3466 799 3528 tdtplus
811 3467 884 3529 21οῄ
893 3465 1160 3530 ilst’appertiendroet
1251 3497 1252 3514 i

207 3537 232 3580 te
244 3549 255 3574 2
268 3530 277 3593 1
290 3533 316 3580 12
328 3542 436 3582 somnos.
455 3547 466 3573 2
697 3530 811 3598 221222,
822 3529 882 3600 situ
895 3533 928 3580 22
936 3527 972 3579 122
982 3529 1075 3592 gaudes
1085 3531 1159 3596 poiet

237 3593 248 3622 ¹
268 3611 279 3637 α
291 3594 356 3644 Nam
363 3599 472 3656 2222212,
484 3592 542 3652 ete,
553 3605 564 3631 n
574 3599 666 3639 222222
697 3602 759 3654 pour
770 3596 909 3643 tor-urente.
