2582 4028
199 258 245 312 uc
470 275 473 310 ;
489 261 605 312 eruum
622 261 662 311 ns
677 250 862 312 euareunrm.

295 359 388 430 Quum
403 358 494 422 subitd
508 369 571 423 ante
583 363 678 423 ocuics
697 361 771 443 largd
785 363 912 424 mercede
921 357 1058 444 benignus
1073 362 1084 406 ¹

296 437 418 518 Adstitit,
435 432 520 521 inque
532 462 582 503 suc
594 442 834 522 rest-ituspaupere
845 439 971 504 Christus
1114 457 1150 502 90

299 519 410 602 Aptavit
420 519 535 611 propriis
549 519 637 582 felicia
646 521 768 601 tegmina
782 517 924 582 membris.

203 678 207 682 ι
296 595 319 660 0
335 596 397 660 vere
410 607 528 680 pretiosa
543 599 683 680 chlamys!
702 599 770 680 quid
784 600 837 661 tale
854 597 899 660 vel
911 609 985 662 cstrc

292 675 342 738 Vel
352 680 435 740 ducto
447 678 477 740 in
490 677 569 742 filum
578 682 669 760 pensis
681 679 853 742 rutiiantibus
868 699 946 756 auro,
995 729 998 736 .

294 757 420 848 lusignes
435 779 559 820 meruere
573 757 702 819 habitus?
714 758 780 839 quid
792 759 878 820 serica
893 767 967 820 tactu

295 835 395 909 Laevra,
412 837 454 899 vel
469 837 548 901 docte
566 837 702 918 expressis
713 838 832 900 virentia
844 837 953 920 signis?
1114 855 1149 900 es

296 914 502 978 llichcminum
517 924 650 1008 terraeque
661 917 746 996 Qus,
758 919 902 998 pontique,
918 917 1040 998 polique,

295 995 398 1057 Omnia
410 1017 412 1020 ’
429 996 459 1058 ui
469 993 572 1070 tribuit,
592 1018 651 1058 srne
665 1018 720 1077 quc
734 995 815 1067 nihil,
832 993 946 1077 ipsaque
958 997 1037 1076 cujus

294 1069 363 1144 Ouae
373 1016 510 1149 dedimus,
525 1076 567 1139 vel
579 1075 626 1158 qui
638 1075 775 1149 dedimus,
787 1075 960 1156 denumque,
970 1075 1117 1158 detorque,

296 1153 354 1215 Hac
362 1175 414 1238 cpe
429 1155 542 1230 ditatur,
556 1165 684 1217 numeret
693 1157 716 1218 si
728 1156 801 1218 lucra
813 1153 918 1217 salutis.

295 1229 354 1295 Nec
365 1241 460 1296 tamen
471 1231 537 1296 hinc
550 1236 647 1298 saltem
662 1235 787 1298 stabilem
798 1233 929 1316 jactantia
941 1246 1064 1296 mentem
1098 1251 1151 1296 roo

296 1313 435 1387 concutit,
452 1323 611 1376 autranum
625 1317 759 1396 persensit
769 1311 852 1376 corde
869 1321 1018 1376 tumerem.

295 1389 318 1451 0
331 1389 418 1454 virtus
431 1391 549 1472 pretiosa
561 1391 629 1466 Dec,
640 1391 682 1454 nii
695 1393 794 1455 ducere
804 1393 878 1454 leudi

295 1468 387 1539 Quum
400 1469 535 1534 laudanda
551 1491 639 1552 geres,
654 1493 706 1534 nec
716 1481 809 1532 ncstrc
820 1471 974 1534 adscribere
986 1469 1058 1534 fecie

294 1543 363 1622 Quae
378 1547 505 1624 facimus,
521 1560 675 1634 cunctoque
685 1551 775 1614 Beum
789 1551 925 1612 laudarier
936 1553 1015 1613 actu!

342 1765 381 1814 n.
398 1765 595 1815 laedentium.
611 1765 703 1811 Salus
718 1763 836 1811 Martius
862 1765 1040 1812 ressuscites
1056 1778 1103 1811 ιιι

605 1827 847 1876 eateehumene.

297 1994 348 2058 Hic
360 1996 444 2058 modd
456 1995 478 2056 si
493 2002 617 2059 veterum
636 1995 788 2057 recolamus
803 1994 922 2054 carmina
935 1997 1029 2054 vatum
1102 2011 1153 2055 ros

296 2075 389 2146 Quum
398 2076 489 2136 subitd
501 2077 631 2136 ettcuitcs
646 2079 789 2157 quaterent
800 2074 930 2134 miracula
944 2089 1052 2144 sensus,

295 2153 433 2214 diemaret
445 2154 578 2214 miserum
590 2172 683 2214 vecors
697 2154 802 2214 insania
817 2153 827 2188 ²
840 2153 987 2226 Phoebum,

295 2232 354 2293 Nec
367 2231 468 2294 sineret
477 2231 558 2293 salsas
572 2234 668 2296 saltem
684 2235 856 2313 requiescere
864 2232 968 2302 Musas,

208 2355 213 2360 -
297 2310 429 2393 delphica
444 2313 454 2347 ¹
466 2312 582 2371 mentito
594 2313 905 2394 quaterenturdpclline
917 2311 1028 2392 templa,

298 2389 457 2470 Cunctaque
465 2389 610 2450 surdarum
625 2399 766 2472 raperetur
779 2390 858 2453 turba
869 2409 1007 2463 sororum,
1099 2411 1151 2456 rrc

297 2468 413 2530 discite*
428 2469 455 2530 ri
468 2478 559 2530 totum
569 2471 738 2553 complerent
753 2479 873 2531 monstra
888 2469 1018 2533 furorem.

297 2547 365 2621 Nos,
382 2549 480 2640 quibus
495 2569 510 2610 a
524 2549 631 2611 Christo
645 2570 743 2611 sensus
757 2550 801 2610 vel
814 2550 895 2610 verba
908 2557 1048 2631 petuntur,

298 2627 469 2700 Christiania,
484 2628 601 2720 inspires
615 2630 738 2712 panium,
755 2627 880 2700 Martiae,
897 2648 1051 2710 precamur,

298 2707 340 2768 Tu
354 2710 402 2801 qui
417 2708 552 2771 defunctis
566 2709 677 2791 potuisti
688 2709 802 2770 reddere
817 2709 909 2779 vitam,
1057 2773 1059 2778 ,

297 2786 407 2850 Auxilio
420 2789 532 2850 Domini
546 2789 643 2860 fultus,
660 2789 729 2850 mihi
743 2788 827 2849 redde
842 2788 990 2848 salutem⁸.
1097 2807 1151 2854 11⁵

300 2867 410 2928 Primus
423 2886 475 2950 ego
489 2874 500 2908 ⁵
514 2869 628 2931 indulte
637 2869 736 2930 sanium
751 2869 881 2930 miracula
897 2867 970 2931 vite.
1111 2871 1114 2878 '

234 3081 243 3112 ¹
259 3100 272 3126 ι
285 3079 365 3143 Larga
375 3080 491 3130 mercede
502 3080 657 3146 benignus..
698 3082 804 3132 reteutir
816 3081 839 3130 le
850 3080 943 3143 temple
953 3079 983 3129 de
993 3081 1104 3144 Delphos
1119 3081 1155 3130 uu

201 3139 266 3193 celui
296 3139 553 3206 ursignalcsahonte
571 3139 659 3207 parde
697 3156 757 3192 ncrn
770 3144 801 3194 de
812 3143 867 3214 leur
878 3141 984 3204 Apellen
995 3150 1124 3194 meuteur.

262 3219 289 3256 ru
310 3215 372 3268 ques
383 3201 565 3266 recompenses.
730 3203 740 3234 ⁴
754 3224 765 3249 a
777 3206 872 3266 Excita,
885 3211 941 3261 etc,
955 3217 1019 3252 sees
1029 3211 1157 3255 monstres

260 3263 410 3316 «Clemaret
429 3263 552 3314 miserum
573 3275 660 3314 vecors
698 3266 808 3328 eroques
826 3265 862 3315 les
873 3265 1033 3328 rempiment
1044 3273 1157 3316 muten-

203 3329 314 3388 iusanin.
328 3335 387 3386 etc„
398 3345 410 3370 s
423 3324 479 3376 leur
495 3325 553 3376 tolle
566 3327 658 3374 ivressc
698 3326 758 3376 tiers
769 3327 828 3376 d'un
840 3327 968 3389 fnugrreux
980 3327 1068 3376 delire.

202 3389 387 3464 incoqueraita
398 3385 491 3451 grands
501 3387 560 3458 eris,
573 3387 604 3434 ils
620 3391 659 3434 tn·
729 3387 1155 3476 g«salutemusretunderem).

202 3445 659 3566 incuruiceruicum
698 3447 1158 3580 ,miserescentem

203 3525 313 3626 dhebus,
697 3568 1158 3640 leuxd'uuevrcrecheteepertpide

234 3633 245 3670 ²
261 3656 272 3706 a
286 3633 478 3702 delphicnetc„
489 3653 500 3678 ι
513 3627 543 3684 ils
552 3628 659 3706 seraieut
696 3643 735 3681 ses
744 3626 844 3694 peches.
