2522 4024
208 200 252 248 reo
464 181 524 245 'ou
541 179 754 246 encvmu‘rtm'n
768 179 879 250 ntvmu
950 263 955 268 Ι
1027 249 1030 254 ,

301 296 430 360 Criminis
441 303 567 380 expertes
580 297 670 360 aliene
683 293 849 360 occumbere
862 295 943 438 culpi
953 318 973 359 a,
1034 283 1038 292 ’

300 377 371 438 Nam
383 398 471 459 quum
486 377 613 438 homiues
627 383 727 459 pontus
741 384 856 458 tegeret,
871 376 906 438 de
918 384 963 438 eta
977 395 1027 458 per
1041 375 1145 441 orbem

304 457 388 518 lllultn
403 457 557 540 puellarum
570 465 599 520 et
612 474 762 538 puerorum
777 456 863 518 millia
876 465 975 519 uotum
989 465 1045 524 est.

298 536 356 600 Nec
370 545 463 600 tamen
478 537 580 619 injuste
593 537 673 598 terris
687 544 814 619 exempta
826 536 935 600 videtur
1108 555 1165 602 370

299 617 449 698 Progenies
463 627 576 678 auctura
590 617 687 690 malos,
701 617 747 678 cui
762 617 866 678 multus
880 617 907 677 iu
922 616 984 696 ipso

301 697 392 758 Exitio
407 703 449 758 est
462 697 578 759 collatus
592 696 692 772 honos,
708 695 782 778 qudd
797 696 913 758 crimine
925 704 1035 778 petrum

301 775 408 839 Occidit
421 785 484 838 aute
498 781 547 839 sud
560 777 669 840 caderet
678 781 763 860 quim
777 778 859 840 noxia
872 776 964 860 culpi.

320 935 620 1018 Quodsietjustumali
642 936 854 1020 uemcomplexa
864 943 996 1076 essperia
1007 935 1159 1010 malorum,

298 1014 340 1080 Ne
351 1015 462 1078 dubites
475 1016 611 1098 placuisse
623 957 700 1089 item
714 1037 767 1080 nec
781 1016 856 1078 euim
871 1035 941 1076 mna
956 1035 1030 1080 mors
1042 1021 1086 1078 est
1106 1034 1161 1080 ³75

299 1095 360 1156 Ulla
374 1095 464 1169 honis,
479 1096 581 1178 quibus
592 1097 667 1158 vario
680 1095 821 1179 longoque
834 1095 940 1168 labore,

299 1175 423 1252 Quilibet
435 1176 464 1237 in
478 1177 604 1258 requiem
619 1184 694 1258 patet
707 1177 805 1246 exitus,
822 1195 916 1258 aspera
929 1176 1017 1236 vitam

300 1254 352 1316 Dat
364 1255 419 1334 via,
432 1275 485 1316 nec
497 1276 556 1316 cem
578 1277 596 1318 o
610 1257 726 1337 capitur,
741 1256 788 1317 sed
802 1255 858 1318 line
872 1274 983 1316 corona.

195 1371 210 1398 ι,
299 1333 401 1396 Verum
416 1355 466 1396 uos
480 1277 588 1396 blandis
602 1335 684 1418 cepti,
699 1335 856 1418 offensique
868 1335 980 1408 severis,

298 1413 356 1475 Nec
369 1413 442 1476 hona
453 1414 558 1495 judicio
572 1425 731 1495 spectamus
746 1435 797 1478 nec
811 1415 883 1478 mala
897 1435 973 1477 vero.
1102 1435 1159 1479 seo

297 1492 370 1554 Dum
384 1512 440 1554 non
453 1501 608 1556 nostrarum
623 1498 631 1536 ¹
648 1495 769 1557 curanda
781 1496 892 1577 negotia
905 1513 998 1556 rerum

298 1572 482 1654 Suscipimus‚
497 1573 669 1656 propriisque
680 1575 777 1656 juvant
789 1575 878 1638 aliena
892 1575 1002 1648 relictis,

297 1651 356 1713 Nec
367 1673 537 1734 quemquam
550 1653 623 1716 vitiis
637 1655 782 1732 miserum,
797 1662 844 1717 aut
856 1653 956 1717 virtute
970 1655 1082 1717 bertum

299 1731 460 1807 censentes,
473 1733 596 1796 frustret’
608 1735 727 1796 externis
739 1735 904 1818 culpamque
914 1735 1053 1818 decusque

299 1811 459 1897 iungimus,
473 1821 501 1877 et
514 1814 584 1878 coelo
598 1813 727 1898 adscripti
741 1823 850 1878 terrene
865 1815 1000 1878 fovemus.
1102 1830 1157 1879 ³85

339 1973 445 2038 Felices
458 1975 511 2038 dici
525 1996 586 2037 mos
600 1983 653 2049 est,
668 1995 737 2058 quos
751 1975 850 2037 blanda
865 1982 986 2057 potestas

299 2053 330 2115 lu
344 2074 469 2116 summos
483 2056 574 2136 apices
587 2054 758 2118 tumidorum
773 2055 863 2117 evexit
876 2056 1027 2131 honorum,

300 2133 376 2202 Quos
390 2135 483 2214 magui
498 2143 618 2216 quaestus
630 2135 762 2209 ditarunt,
775 2144 803 2196 et
813 2133 1036 2216 quibusemplos

201 2279 204 2282 ,
301 2210 359 2273 Con
381 2211 448 2274 essit
461 2213 566 2276 reditus
579 2221 670 2276 totum
685 2216 751 2276 res⁸
766 2213 827 2277 fusa
842 2235 891 2298 per
905 2215 1012 2278 orbem.

298 2231 458 2352 Laudentur
467 2300 556 2354 vestes
570 2294 696 2374 pretiose
710 2302 738 2356 et
752 2294 865 2388 pulchra
879 2294 1013 2377 supellex,
1104 2311 1156 2356 noo

297 2369 404 2450 Magnae
417 2371 501 2446 redes,
516 2371 612 2434 famuli
626 2373 765 2437 innumerr
776 2375 929 2456 vigilesque
943 2373 1064 2447 clientes,

296 2449 330 2511 Et
341 2449 474 2532 quidquid
488 2459 603 2528 nonest
616 2461 754 2528 nostrum,
768 2455 909 2537 quodque,
924 2461 955 2516 ut
965 2453 1030 2516 dare
1044 2453 1133 2535 quirit

296 2528 357 2590 Una
368 2530 437 2604 dies,
451 2530 493 2592 sic
506 2551 560 2594 uua
575 2541 665 2614 potest
679 2533 786 2596 auferre
799 2559 805 2596 :
820 2553 871 2596 uec
884 2534 965 2614 illud,
1243 2571 1244 2612 3

201 2635 209 2649 r
298 2609 378 2681 Quod
387 2611 505 2693 speciale
515 2612 620 2676 bonum
629 2623 672 2676 est
681 2614 801 2677 hominis
810 2614 971 2696 nullamque
985 2612 1065 2674 timet
1075 2613 1142 2684 vim,
1243 2613 1244 2644 r

300 2690 437 2774 Amplexi,
453 2693 580 2769 miseros,
592 2693 692 2776 quihus
704 2695 764 2758 haee
778 2695 918 2778 perdentia
928 2695 1030 2758 desunt
1103 2709 1154 2756 aso

302 2769 338 2830 Et
350 2791 399 2851 per
413 2771 490 2834 mille
503 2773 600 2836 modos
615 2774 767 2856 pereuntia,
782 2774 920 2836 credimus
934 2798 940 2836 :
955 2795 987 2834 ac
1001 2773 1024 2834 si

299 2847 441 2912 iustitiam
452 2855 464 2890 ⁸
477 2853 563 2914 durus
579 2852 655 2916 labor
668 2864 777 2935 urgeat,
792 2863 821 2917 et
837 2855 915 2918 dolor
928 2853 993 2936 aegri

299 2926 439 3010 Corporis,
453 2938 482 2993 el
494 2940 597 2995 mortes
611 2943 749 3011 natorum,
764 2944 792 2997 et
805 2936 893 3017 turpis
908 2945 1028 3016 egestas,

298 3005 361 3069 Non
373 3017 490 3088 quantas
503 3013 589 3092 pariet
601 3025 732 3078 constans
746 3015 1024 3156 tolerantiepelmes,

298 3085 355 3148 Nec
367 3089 421 3169 qud
436 3109 527 3172 pugna
542 3092 632 3154 brevis
644 3094 681 3155 sit
695 3115 854 3177 processura
867 3097 893 3156 vi
914 3113 1010 3166 emus;
1104 3109 1158 3158 too

189 3181 194 3188 ·
298 3166 355 3228 Sed
369 3167 482 3231 calicem
496 3170 586 3234 crucis
600 3193 632 3235 ec
642 3173 707 3238 vite
721 3175 807 3238 libore
818 3184 953 3250 verentes,

234 3393 241 3424 ¹
263 3395 342 3446 «Non
353 3402 505 3456 nostrarum,
525 3413 538 3440 ι
556 3396 600 3458 qui
622 3409 654 3446 ue
722 3397 733 3427 ⁸
751 3399 822 3448 «Am
841 3399 878 3449 los
895 3401 1024 3464 redime,-
1041 3411 1154 3457 rereues

198 3462 256 3506 sont
267 3459 340 3520 point
348 3458 444 3522 udtree,
454 3457 498 3522 qui
516 3471 580 3508 nous
597 3464 655 3508 scut
691 3457 812 3526 consider·
839 3459 884 3511 les.
897 3464 1019 3526 miles,
1042 3481 1055 3508 ι
1072 3464 1156 3526 parri-

199 3516 356 3582 dtrnngeres.
592 3535 598 3545 ·
692 3519 786 3568 moine.
1107 3531 1112 3540 ·

231 3580 243 3609 ¹
262 3599 274 3624 ι
285 3583 400 3648 Frustra,
411 3601 422 3628 s
437 3583 523 3635 atort.
723 3579 735 3611 ⁴
754 3597 765 3623 r
779 3579 908 3632 Jusritiam
919 3601 930 3628 r·
942 3598 1025 3648 porrrr
1036 3585 1125 3648 juslc's.
1138 3608 1150 3633 ι
