2582 4028
372 183 524 260 CLAUDIUS
540 183 661 244 Mutuus
677 185 799 239 VICTOR.
1032 193 1078 245 209

143 315 162 342 a
190 353 195 358 ,
213 267 296 351 llude
308 286 467 371 propindrat
478 305 604 369 serpens,
616 285 784 370 fratremque
797 288 911 354 eaveudi

214 369 358 451 Ignarum
370 370 444 430 4444
457 375 609 442 mentatum
621 367 697 434 aaede
712 367 842 434 trucidat.

255 582 317 648 lleu
331 581 457 646 lacinus!
472 579 535 656 Quo
546 599 604 645 non
617 581 734 645 miseros
745 581 848 645 luriosa
862 579 961 658 libido,
1022 599 1075 649 444

214 664 278 738 Qua
289 682 349 727 non
362 663 414 742 ira,
424 681 522 726 recens
534 661 646 738 odium,
662 669 690 724 et
702 661 745 724 ris
757 662 882 746 improba
899 663 993 747 cogit?

147 739 152 755 '
192 751 196 758 '
215 743 291 817 Quid
302 751 391 809 444444
404 743 541 806 innocuus
553 741 657 804 trater?
671 761 739 805 num
754 743 874 804 sanctior
887 741 934 806 illa

215 822 298 898 Quod
309 822 374 899 tuit,
390 821 510 886 interimi
523 823 645 884 meruit?
655 822 713 906 jam
725 823 794 886 44444
806 829 953 906 parentum

213 903 278 967 llon
292 910 335 965 est
346 899 491 985 posteritas
501 903 575 984 quod
586 903 738 986 quidquam
749 909 875 977 accuset3
886 910 915 966 44
926 903 978 988 ipsi

213 982 366 1078 Flagitium
376 981 535 1046 addidimus
548 1005 554 1042 z
567 979 680 1065 jamque
695 978 825 1063 estquod
838 983 1059 1071 callidusanguis
1073 1005 1124 1052 445

145 1132 150 1140 ,
214 1062 345 1146 01144144,
361 1062 386 1125 si
399 1062 454 1125 fors
469 1061 546 1126 illum
560 1081 686 1126 accusare
700 1063 819 1126 velimus

188 1147 192 1152 '
218 1141 301 1216 Oudd
310 1142 637 1227 morimur:namquaad
647 1145 789 1206 cumulum
801 1145 888 1225 prima
897 1143 944 1208 illa
953 1165 1076 1234 propago

216 1223 349 1286 Criminis
359 1223 462 1306 adjecit
477 1232 595 1284 mortem
610 1223 632 1292 ⁵.
643 1223 779 1308 culpaque
792 1231 939 1308 parentum

216 1303 384 1366 luduetam²
399 1300 504 1366 mundo
514 1302 696 1383 (horrendum
707 1311 749 1366 est
763 1301 792 1365 id
805 1303 906 1386 dicere)
919 1305 986 1372 lenit

216 1382 640 1468 lmpietasscelusessenovum.
653 1383 702 1445 Sin
715 1383 752 1444 irn
773 1384 808 1458 ie,
826 1383 918 1462 siotu,
1023 1403 1075 1452 444

142 1535 148 1548 ,
214 1403 932 1546 1114411414,444444444444444414141544144444
1008 1515 1011 1522 .

215 1547 270 1607 Pro‘
281 1547 335 1627 qut
344 1549 489 1626 perpetuas
500 1561 597 1627 poenas
603 1543 662 1628 jarn
677 1553 766 1606 morte
779 1544 887 1608 solutus

215 1623 419 1706 AEternumque
429 1622 518 1700 dabis,
529 1623 612 1716 longe
626 1631 753 1717 serpente
764 1625 885 1687 nefando

215 1703 352 1779 Deterior,
364 1711 411 1766 tua
425 1704 557 1766 metimur
566 1721 589 1766 st
603 1703 733 1766 orimrna:
749 1724 871 1786 namque

213 1784 314 1846 Attulit
325 1784 370 1845 ille
380 1801 478 1846 necem
491 1783 583 1859 nohis,
598 1803 655 1846 non
666 1783 776 1847 intulit:
794 1793 823 1846 at
836 1803 887 1846 nos
1022 1804 1074 1851 455

209 1863 346 1947 ¹Cepimus
357 1863 477 1940 allatam,
493 1871 523 1926 tu
536 1883 600 1927 vero
611 1863 683 1926 hano
691 1863 819 1948 primitus
834 1863 931 1928 infers.

213 1943 304 2006 Tantd
318 1943 366 2006 illo
376 1943 464 2036 pejor,
479 1944 557 2006 vitari
570 1943 697 2024 publicus
710 1944 798 2005 hostis

214 2023 296 2097 Quod
306 2031 397 2106 poturt
411 2047 418 2088 ι
434 2031 465 2086 44
474 2024 597 2115 privatus
612 2023 687 2085 nulla
701 2031 759 2085 arte
771 2023 860 2098 eaveri

214 2103 279 2167 lam
292 2111 413 2189 poteras.
429 2102 497 2177 Quis
509 2103 585 2169 enim
597 2104 696 2168 dileoto
709 2105 725 2166 4
736 2105 818 2194 fratre
828 2103 960 2170 timeret?

139 2315 183 2356 '·
255 2318 292 2381 44
301 2335 368 2380 vero
380 2314 458 2380 nulla
469 2319 512 2381 est
523 2315 646 2380 hominis
658 2321 716 2380 tam
729 2316 787 2380 dira
800 2317 911 2382 natandi
1026 2336 1076 2383 444

214 2397 315 2482 Culpa,
331 2397 407 2459 Dens
419 2415 505 2489 quarn
521 2415 580 2459 non
592 2397 686 2459 auimo
700 2395 838 2461 elementa
855 2399 991 2478 remittat,

216 2478 248 2542 Si
260 2478 345 2541 modd
359 2485 492 2559 poenrtaat
504 2477 585 2539 laeti:
599 2476 673 2562 quod
683 2485 755 2541 teste
767 2479 857 2541 Caluo

216 2556 387 2650 decipimus,
405 2577 490 2640 quern
500 2564 568 2620 tuno
580 2557 697 2620 44444444
713 2556 788 2620 caede
798 2557 968 2635 madentem,

216 2637 281 2700 Nou
289 2637 437 2722 indignum
451 2637 547 2700 hahuit
561 2638 649 2730 (tanta
661 2644 704 2698 est
716 2638 875 2718 elementia)
890 2655 952 2700 sese

217 2717 379 2800 Correptore
391 2717 402 2754 ⁸
414 2715 508 2780 lleus:
564 2735 593 2779 tn
603 2716 702 2778 blandd
716 2735 784 2779 4444
799 2723 927 2799 rogatum
940 2722 953 2758 ⁶
1027 2735 1078 2785 rao

135 2845 141 2856 .
217 2797 315 2868 Frater
326 2795 376 2860 ubi
391 2817 459 2860 suus
470 2797 516 2860 ille
537 2803 608 2874 4444,
624 2797 788 2880 facinusque
798 2803 949 2890 negantem

218 2877 330 2962 Arguit,
345 2884 375 2940 et
386 2877 485 2940 leviter
494 2885 573 2940 tanto
584 2896 636 2960 pro
650 2876 766 2940 crimine
781 2883 875 2962 pumt:

218 2957 1079 3051 llamprotugumtantdmatqueextonamahutrnquapareute

218 3037 345 3120 Longrds
356 3038 498 3116 amandat,
510 3048 659 3124 vastasque
672 3039 728 3100 rale
748 3045 776 3101 at
789 3038 819 3102 in
832 3057 906 3120 oraS,

220 3117 257 3182 Et
264 3118 371 3204 juhett
386 3119 481 3206 patriis
494 3119 642 3184 confestim
654 3059 788 3184 44441444
802 3120 893 3184 terris.
1030 3139 1081 3187 474

175 3395 604 3470 ¹(lonstmrisezt«rrdjraoitnrortam
664 3400 768 3451 θ48444
790 3406 935 3464 correptore
952 3404 1013 3449 »est
1030 3400 1086 3465 regi

135 3455 174 3510 ad
187 3457 460 3511 cumulumcriminrs.
650 3475 704 3511 444
724 3463 870 3526 indignum.
888 3481 954 3510 4-4
973 3463 1054 3522 Quin,
1072 3480 1085 3510 4

177 3521 216 3568 ²«
231 3521 375 3574 luductam.
390 3541 403 3568 ι
418 3522 607 3577 Sonsemmdo
632 3475 692 3575 lieu
705 3526 771 3587 plus,
781 3533 806 3574 44
819 3525 911 3574 menna.

145 3603 157 3627 ι
169 3589 294 3636 mortem.
309 3604 322 3628 »
668 3589 677 3618 ⁴
691 3606 702 3630 α
716 3589 841 3649 ttugotum
852 3603 865 3635 a
878 3601 963 3650 pour«
982 3587 1089 3640 interro·

938 3675 986 3737 ltl.
