2518 4042
141 219 187 268 tto
472 223 601 274 THOMAS
619 221 661 274 Dii
678 221 810 274 CELANO.

509 384 557 430 lte
570 381 625 431 elie
643 381 771 442 indicti.

141 527 206 584 Dies
218 537 225 568 ¹
238 529 298 599 irae,
312 530 370 588 dies
383 531 428 588 itta
442 531 465 598 ²,

142 598 235 656 Solvet
248 602 357 658 saeelum
373 601 402 658 in
417 602 515 672 ferilli,

143 670 223 726 Teste
237 673 326 729 David
335 673 347 710 ³
356 689 419 730 enm
431 675 540 748 Sibylla.

145 822 267 891 Quantus
278 829 380 880 tremor
391 831 432 881 ast
442 825 559 895 futurus,

143 893 256 1018 guando
268 894 351 978 iudex
364 902 404 978 est
413 905 560 966 venturus,

166 970 247 1020 uncta
263 968 354 1022 straete
366 967 560 1024 discussurus?

143 1114 216 1171 Tuba
228 1114 328 1173 mirum
340 1133 467 1190 spargens
481 1134 588 1189 sonum,

141 1187 194 1241 Per
206 1187 349 1257 sepulchra
363 1189 514 1260 regionum,

142 1258 226 1330 Coget
237 1272 331 1315 omnes
343 1265 404 1315 ante
420 1259 557 1318 thronum.

142 1407 213 1463 Mors
225 1407 342 1478 stupebit
352 1416 380 1466 et
392 1417 505 1479 natura,

143 1479 231 1546 Quum
241 1486 502 1552 resurgatareatura,

141 1549 279 1606 iudicanti
298 1548 482 1623 responsura(

141 1701 222 1760 Liber
232 1704 351 1773 scriptus
364 1702 518 1774 proferetur
528 1703 550 1772 ⁴,

141 1775 170 1830 tn
185 1790 240 1900 3¹¹⁰
252 1781 339 1830 totum
350 1773 513 1857 nominetur,

141 1845 183 1901 Un
203 1862 218 1901 a
233 1845 349 1902 mundos
358 1845 503 1917 judicetur.

140 1995 225 2053 Juder
237 2012 302 2068 ergo
315 2013 398 2069 quum
413 1995 526 2066 sedebit,

141 2066 280 2139 Quidquid
296 2068 361 2123 latet
379 2067 515 2138 apparebit
531 2083 538 2137 ;

141 2136 184 2192 nit
197 2137 311 2194 inultum
326 2139 485 2195 remanebit.

653 529 723 598 Quid
734 546 793 586 sum
803 528 885 586 miser
898 535 965 586 tnnc
974 527 1105 596 dicturus,

653 601 740 668 Quem
752 606 898 672 patronmn
910 607 1062 673 rogaturus,

652 672 742 739 Quum
755 670 800 728 vix
812 670 925 744 justus⁵
947 672 984 728 sit
1006 670 1142 728 serumst

650 822 707 878 Rex
721 821 872 879 tremendae
885 822 1045 895 maiestatis,

650 893 701 961 Qui
716 893 857 950 salvandos
872 894 958 975 saturas
972 894 1071 976 gratis,

649 965 727 1022 Salve
744 981 799 1034 me,
814 962 875 1020 tons
889 967 1013 1037 pietatus!

629 1134 634 1138 ·
648 1115 812 1186 Recordare,
826 1115 890 1172 tesu
908 1116 963 1187 pie,

648 1186 726 1254 Quod
736 1203 796 1244 sum
811 1203 892 1244 eausa
903 1193 958 1244 tuae
972 1187 1026 1244 uiae
1039 1187 1069 1244 ⁶:

648 1259 687 1315 Ne
703 1274 746 1314 ma
756 1259 851 1331 perdas
863 1259 909 1314 itta
918 1258 972 1315 die.

648 1409 780 1477 Quaerens
798 1425 842 1465 me
861 1407 956 1466 sedisti
973 1409 1077 1481 tassus;

647 1480 795 1537 Redemisti
812 1497 921 1537 erucam
933 1496 1028 1552 passus
1042 1499 1049 1535 :

649 1553 749 1609 Tantus
760 1551 836 1608 labor
849 1567 904 1608 non
923 1554 958 1609 sit
972 1568 1076 1610 cassus.

647 1703 722 1758 suste
733 1702 816 1775 Jndex
832 1703 956 1773 ultionis,

648 1775 755 1830 Donum
769 1775 810 1831 tao
823 1775 995 1831 remissionis

648 1848 717 1901 Ante
729 1845 800 1902 diem
821 1844 942 1902 rationis.

648 1996 799 2068 ingemisco
818 2003 944 2123 tanquam
963 2012 1035 2059 reus.

649 2067 733 2139 Culpa
745 2067 824 2125 rubet
835 2084 870 2123 vu
882 2076 924 2124 tus
935 2084 1012 2125 meus
1023 2086 1030 2123 ε

648 2137 817 2210 Supptioanti
830 2155 918 2210 paroe,
932 2140 1014 2196 Deus.

177 2363 184 2392 ¹
212 2361 315 2424 chaque
345 2362 446 2425 strophe
474 2363 601 2413 renterme
620 2364 798 2436 tedaemonia5
816 2364 905 2415 subtus
922 2363 1081 2418 horrendum

141 2424 203 2474 trois
221 2437 278 2472 vers
297 2423 341 2496 qui
359 2432 404 2474 ont
416 2423 473 2474 huit
494 2424 601 2487 spilabes
620 2426 934 2489 chaosinternmdesuper,
941 2427 1081 2488 jndexira·

141 2492 167 2535 et
178 2487 202 2535 la
215 2485 370 2548 peunttrbme
384 2485 423 2536 lon
444 2499 484 2536 ua.
620 2493 661 2536 tus
666 2504 675 2550 3
688 2488 869 2542 torismundus
885 2489 992 2551 ardens3
1011 2489 1080 2540 intus

173 2549 184 2578 e
199 2567 210 2592 «
223 2548 280 2596 Dies
291 2548 345 2610 irae,
359 2548 411 2598 dies
425 2498 477 2598 bia.
491 2547 600 2612 »Vopen
619 2550 772 2622 conscientia
783 2563 868 2646 urens.
889 2550 927 2622 tbi
943 2550 984 2600 vix
993 2551 1080 2612 J'ustus

141 2613 396 2722 raptatae.
411 2691 422 2718 .
436 2673 542 2722 aarum
560 2686 598 2733 a,
618 2612 1080 2738 {rivarotta,posttridie

141 2748 169 2783 v.
185 2740 232 2784 ro:
248 2735 329 2784 «coeti
339 2736 466 2798 peribunt,
474 2742 500 2784 et
511 2748 600 2786 omnes
618 2741 672 2785 tere
684 2736 755 2786 enim
767 2743 805 2786 est
821 2736 986 2800 impossibile,
1002 2749 1078 2800 appa·

140 2797 205 2848 sieut
226 2797 406 2848 vestimentum
426 2803 595 2848 veterascent.
619 2811 675 2848 rere
688 2797 881 2848 intolerabile.»

139 2859 173 2908 Et
183 2859 248 2908 siout
259 2860 416 2920 opertorium
427 2858 537 2908 mutabis
546 2872 598 2917 eos,
650 2861 662 2890 ⁶
673 2880 685 2906 α
696 2860 768 2920 Quod
778 2874 836 2910 snm
849 2873 923 2911 eausa
933 2866 984 2911 tuae
996 2861 1053 2910 viae.
1065 2881 1076 2905 ι

140 2926 166 2970 et
177 2920 355 2970 mutabuntur.
367 2937 381 2968 a
618 2921 740 2972 Cesmots
761 2928 786 2972 et
804 2923 826 2972 te
838 2922 949 2985 premier
968 2937 1024 2974 vers
1046 2923 1078 2974 de

172 2983 182 3012 ⁴
194 2982 290 3032 «Liber
300 2983 408 3047 scriptus
420 2983 571 3045 proferetur.
582 2999 595 3029 s
617 2982 642 3032 la
655 2985 757 3047 stropha
775 2984 890 3035 suivante
902 2997 947 3047 rap
965 2983 1043 3036 ettent
1053 2986 1078 3036 te

138 3043 305 3108 Apoealypse,
319 3045 360 3094 ch.
378 3059 421 3103 rx,
437 3059 462 3094 v.
483 3049 527 3094 12:
541 3064 551 3088 r
567 3047 597 3095 m
618 3045 811 3096 sixtemeverset
821 3047 942 3096 dueh.rv'
959 3049 1078 3098 el’Evan·

138 3106 191 3154 vidi
200 3114 322 3170 mortuos,
332 3120 438 3171 magnos
448 3115 473 3157 et
482 3107 595 3169 pusilloS,
617 3108 667 3218 {ite
682 3109 713 3158 de
725 3109 791 3158 saint
802 3109 882 3158 teau:
897 3127 908 3153 ι
921 3108 993 3159 iesus
1005 3123 1076 3174 ergo,

138 3173 233 3218 stantes
253 3169 279 3218 in
300 3176 434 3232 conspeetu
451 3169 550 3230 throni,
571 3177 596 3220 et
628 3169 737 3234 atigetus
753 3184 783 3220 ex
801 3171 906 3232 itinere,
928 3172 1029 3222 sedebat
1041 3173 1077 3222 sio

140 3229 199 3279 iibri
209 3231 288 3293 aperti
300 3238 392 3282 sunt.»
617 3245 692 3294 snpra
704 3233 809 3283 fontem.
827 3249 841 3280 a
862 3233 933 3282 Satut
949 3233 1075 3298 Augustin

171 3293 594 3356 ⁸«erumnixJ'ustus,eto.»Dans
616 3293 662 3344 tait
684 3296 720 3344 tes
741 3295 875 3345 retlexions
893 3295 1021 3346 suivantes
1033 3309 1077 3346 sur

137 3361 203 3404 nette
222 3357 324 3419 strophe
347 3363 373 3406 et
388 3357 451 3406 dans
468 3357 493 3406 ta
510 3357 594 3419 prece·
616 3356 639 3406 te
653 3370 724 3420 passa
743 3371 757 3407 e
775 3358 805 3407 de
822 3358 888 3406 saint
899 3356 962 3406 toan
974 3372 980 3406 :
994 3374 1009 3405 n
1020 3358 1076 3408 Non

137 3416 222 3480 dente,
238 3417 261 3467 le
278 3420 349 3480 poete
362 3419 413 3469 suit
423 3419 459 3469 tes
471 3425 551 3468 traces
563 3418 593 3468 de
617 3417 710 3470 trustra
722 3371 843 3484 baigatur
851 3419 932 3481 Jesus,
942 3433 993 3469 non
1004 3420 1076 3472 eninr

137 3478 203 3527 saint
222 3481 349 3542 Ansetme,
368 3483 403 3530 De
421 3481 595 3531 similitudine
617 3480 711 3531 trustra
724 3481 847 3546 fatigatur
858 3481 940 3532 virtus
951 3481 1007 3544 Dei,
1022 3495 1074 3532 non

137 3542 229 3589 mundi
240 3559 248 3589 :
259 3561 270 3584 ι
282 3544 301 3590 Α
312 3542 407 3593 dextris
415 3549 492 3594 erunt
503 3556 592 3606 poma·
616 3543 686 3594 enim
698 3544 791 3593 trustra
801 3541 923 3608 fatigatur
933 3555 979 3608 per
996 3557 1074 3607 quern

137 3608 163 3650 ta
174 3603 358 3664 pronuntiem
374 3604 489 3665 sinistris,
509 3605 594 3655 intini-
615 3605 713 3668 fatigati
726 3611 881 3658 recreantur.
896 3605 1027 3667 tenuntur
1037 3612 1074 3658 ta-
