2522 4024
377 201 383 208 ·
487 190 659 248 eructuet.
1005 201 1049 248 ros

237 289 322 358 lliror
334 294 409 438 spudd
422 295 514 378 ipsum
525 316 583 358 non
597 297 708 360 sacratis
721 295 874 360 Memorem
890 301 912 373 ²,

191 375 255 438 Nec
266 383 343 459 temp
355 393 405 440 um
417 384 444 439 et
456 395 516 439 uras
528 377 587 460 ipse
601 376 713 440 Phidias
726 384 738 418 ¹
753 377 848 457 hebet,

191 455 277 520 Fabri
288 456 415 532 deorum,
429 457 474 518 vel
488 466 614 539 parentes
624 458 790 521 numinum:

192 535 251 607 Qui
259 536 282 598 si
294 536 412 599 caminis
425 537 589 599 institissent
601 539 725 620 segnius,

193 615 260 682 Non
273 627 347 680 esset
358 617 433 680 ullus
443 616 550 700 Jupiter
558 617 716 680 conflatilis.

237 775 300 841 Non
314 775 467 856 erubescis,
482 777 575 850 stulte,
594 798 665 862 pago
678 778 769 842 dedite
779 785 804 858 ⁸,

193 858 236 922 'le
248 867 325 920 tenta
335 877 446 941 semper
459 859 611 940 perdidisse
625 859 757 923 obsonia?

194 938 267 1012 Quae
277 937 348 1000 Dis*
361 939 472 1021 ineptus
481 938 606 1000 obtulisti
615 939 727 1014 talibus,

195 1019 274 1090 Quos
285 1018 378 1094 trulla,
397 1019 497 1100 pelvis,
511 1017 671 1098 cantharus,
688 1020 849 1102 sartagines,

193 1099 292 1162 Fracta
304 1107 332 1161 et
345 1099 448 1182 liquata
461 1098 656 1162 coutulerunt⁵
669 1100 788 1162 rusculo.

236 1260 356 1344 Ignosco
367 1259 450 1323 fatuis
461 1259 522 1322 haeo
532 1241 631 1323 ¹tamen
644 1259 814 1352 vulgaribus,

196 1339 273 1412 Quos
286 1341 350 1402 lanu
362 1347 448 1402 terret
459 1339 588 1403 discolori
598 1341 626 1426 iu
638 1341 731 1424 stipite
745 1347 768 1416 ⁶,

197 1420 273 1492 Quos
294 1439 368 1504 saepe
382 1420 466 1482 falsus
480 1421 627 1483 circulator
640 1421 741 1504 decipit
756 1444 764 1483 ι

197 1499 304 1571 Quibus
318 1519 401 1562 omne
415 1509 542 1562 sonetum
553 1508 605 1576 est,
619 1503 693 1583 quod
703 1501 862 1588 pavendum
876 1501 997 1568 rancide

196 1579 397 1643 Edentulerum
409 1581 555 1643 cantilenae
566 1581 714 1647 suaserint.

239 1737 295 1801 llos
308 1735 429 1800 eruditos
443 1737 528 1801 miror
540 1747 568 1801 et
579 1739 674 1804 doctos
687 1740 772 1817 viros,

201 1821 342 1900 Perpensa
355 1818 419 1880 vitoe
433 1839 503 1910 quos
518 1819 653 1900 gubernet
665 1823 774 1903 regule,

201 1897 324 1973 Nescire,
339 1899 383 1960 vel
397 1898 489 1960 divine
499 1898 543 1961 vel
557 1899 684 1961 mortalia

201 1977 277 2049 Quos
288 1978 351 2060 jure
364 1986 489 2040 constent
502 2000 510 2038 :
526 1985 628 2061 quante
640 1981 769 2060 majestas
781 1987 859 2072 reget

202 2057 341 2140 Quicquid
354 2065 477 2120 creatum
489 2066 541 2134 est,
557 2079 620 2142 quoe
632 2059 735 2122 crearit
745 2079 849 2122 omme.

241 2213 317 2277 Ileus
331 2216 472 2306 perennis,
488 2235 532 2278 res
544 2214 754 2291 inestimabilis,

201 2295 265 2358 Non
279 2296 436 2377 cogitando,
451 2315 508 2358 non
520 2295 640 2359 videndo
652 2296 788 2359 clauditur
804 2320 812 2358 r

203 2375 319 2438 Excedit
329 2395 442 2437 omnem
455 2376 558 2438 mentis
572 2375 703 2438 humente
716 2376 832 2440 modurn
846 2381 870 2452 ⁷,

203 2453 229 2515 N
231 2474 263 2518 ec
280 2455 477 2537 comprehendi
487 2455 592 2517 visibus
605 2455 616 2491 ⁸
630 2457 731 2519 nostris
744 2457 828 2530 velet,

205 2533 344 2617 Extraque
356 2543 384 2598 et
394 2535 469 2598 intus
480 2535 578 2619 implet
590 2541 613 2612 ⁹,
631 2555 663 2598 ec
673 2535 828 2618 superfluit.

140 2780 149 2814 l
171 2799 183 2827 ι
204 2780 356 2844 Memorem,
378 2801 390 2830 ι
410 2784 567 2850 memorme-
596 2785 643 2836 Les
653 2785 797 2836 charletens
809 2776 936 2846 portulent
949 2795 999 2834 une
1011 2797 1054 2834 es·

108 2843 175 2894 lehre
234 2859 378 2910 veurgrec.
597 2850 656 2912 pecc
676 2848 707 2897 de
729 2847 847 2910 buguette
867 2859 900 2896 ou
920 2847 951 2896 de
979 2846 1055 2896 btton

137 2907 149 2936 ¹
166 2857 278 2970 pgilice,
289 2908 418 2980 sculpteur
432 2919 492 2973 grec
505 2909 568 2960 tres·
596 2909 667 2974 peint
685 2909 716 2959 de
737 2904 883 2958 differentes
902 2909 1019 2982 couleprs
1030 2913 1055 2958 et

106 2967 164 3028 cdl,
224 2970 268 3032 qui
288 2970 369 3021 rirurt
392 2985 449 3022 vers
460 2972 509 3022 l’au
520 2973 568 3021 448
597 2971 743 3022 crutd’une
754 2971 898 3021 bandelette
908 2970 939 3020 de
951 2970 1026 3020 turne.

104 3043 135 3078 or
170 3005 569 3104 tldsusfsshrist.llfltunesta-
630 3032 805 3097 ⁷«dicdum,
827 3051 840 3078 »
864 3044 976 3097 mesurc,
997 3045 1056 3096 por·

106 3098 148 3141 rue
167 3091 199 3142 de
218 3093 327 3157 tupiter.
346 3099 389 3159 qul
412 3109 483 3160 passo
503 3108 569 3159 pour
597 3097 647 3146 tte.

105 3165 156 3204 une
167 3154 212 3204 des
222 3157 369 3207 merveilles
377 3157 410 3208 du
425 3158 527 3209 monde.
631 3161 642 3190 ⁸
654 3155 979 3222 «comprehensionibus»
987 3157 1059 3206 saint

136 3217 491 3284 ⁵·Pagcdeditc,»peten.
598 3219 668 3282 dean,
688 3221 733 3271 Er.
748 3221 789 3270 ch.
807 3235 825 3280 1,
840 3233 866 3269 v.
887 3219 1058 3270 18=«Deum

135 3277 148 3309 ⁴
166 3279 253 3338 ‘Quae
272 3294 313 3330 na
334 3295 399 3344 pour
420 3283 570 3333 antecedent
599 3296 675 3334 nemo
685 3282 751 3333 vidit
762 3295 885 3345 unquam.
900 3299 912 3325 ι
937 3342 942 3352 ,

106 3339 267 3391 consonis.»
288 3367 319 3380 —
344 3362 355 3388 α
377 3344 440 3408 Diis,
454 3363 465 3390 ι
480 3357 568 3395 mouo-
582 3387 585 3401 ,
600 3406 607 3418 ¹
630 3347 642 3377 ⁹
661 3365 672 3391 e
687 3347 848 3417 Eutraqueet
858 3339 1057 3404 intusrmplet,»

104 3403 372 3535 &wlloutulerunt
383 3487 395 3514 ι
406 3475 451 3521 out
473 3469 568 3534 terme,
599 3405 1060 3525 ἓοῖιῐῗιεριὲῐαίξιῗυὲῐὶῗωῃνὲθὲἒῐξοίθιίὶέτιέ,

105 3532 150 3620 on}
160 3529 320 3656 fflffiiute'„
338 3593 470 3660 beguettc,
481 3594 568 3646 beton.
600 3533 787 3644 prptppppppriefi
799 3525 1060 3653 pphripdspurepspspn

147 3673 294 3742 Cunnum.
