2566 4028
442 203 445 208 .
468 133 560 210 surr
574 155 734 212 tumtun.
1039 163 1085 212 ne

131 247 209 318 lesu,
223 251 307 309 decus
318 253 480 326 angelicum,

130 319 162 376 ln
173 336 236 380 aure
249 323 327 382 dulce
337 325 484 397 canticum,

633 259 664 314 ln
680 273 726 314 ore
740 256 794 315 met
808 255 966 326 mirificum,

633 329 664 385 ln
678 329 759 386 corde
773 335 865 386 nectar
879 329 1013 387 coelicurn.

503 532 552 581 W.
565 533 614 582 Μ
629 532 770 583 sextum.

131 711 418 783 Desiderotemillies,

131 782 174 840 Ml
185 785 251 841 Jesu
262 803 268 840 :
281 784 388 858 quando
397 783 511 841 venies?

132 854 176 910 lle
189 855 280 912 letum
295 855 401 928 quando
414 853 510 926 facies,

132 924 170 982 Ut
180 926 258 983 vultu
271 932 318 983 tuo
329 926 434 984 saties?

134 1216 200 1272 Mihi
210 1218 262 1274 mel
273 1219 353 1274 issuus
367 1217 470 1276 fructus

132 1289 184 1346 Est
192 1294 220 1346 et
228 1288 289 1346 vite
304 1296 451 1362 perpetuus
465 1289 487 1344 ¹.

131 1438 209 1508 lesu,
223 1454 329 1495 summa
339 1437 502 1512 benignitas,

133 1508 202 1566 Mira
216 1509 304 1566 cordis
315 1509 481 1582 jucunditas,

132 1579 363 1651 incomprehensa
374 1580 491 1650 bonitus,

132 1650 193 1708 'l'uu
204 1666 249 1708 me
257 1651 371 1724 stringet
380 1651 506 1710 charites.

135 1801 242 1857 Bonum
254 1801 321 1858 mihi
333 1801 445 1875 diligere

133 1871 240 1942 lesum,
251 1872 290 1929 nil
300 1874 369 1930 ultra
379 1889 511 1948 quaerere3

636 714 703 797 ltili
714 731 824 799 prorsus
835 713 950 795 delicere
964 715 988 785 ²,

637 786 672 844 Ut
682 787 722 843 illi
733 801 829 859 queem
839 801 940 843 viuere.

635 935 744 1001 otesu,
759 936 796 992 ml
810 935 975 1003 dulcissime,

634 1010 702 1079 Spes
713 1007 874 1079 suspirantis
882 1006 989 1072 anime,

132 1076 219 1134 Amor
227 1081 290 1133 tuus
302 1077 459 1142 continuus,
551 1079 557 1144 l
633 1081 672 1135 Te
685 1079 737 1150 pire
750 1084 875 1151 quaerunt
887 1078 1023 1159 lacrymer,

133 1145 201 1202 ttihi
213 1149 326 1274 lunffuor
339 1147 472 1219 assiduus,
868 1147 874 1159 '
903 1147 908 1158 '

554 1151 575 1216 Δἲ
634 1150 670 1207 Et
678 1151 780 1207 clamor
791 1155 890 1206 mentis
901 1153 1014 1204 intime.

636 1297 814 1372 Quocumque
825 1296 973 1355 incoluere

636 1369 742 1426 Mecum
753 1371 846 1426 Jesurn
859 1366 982 1425 desidero
994 1388 1000 1422 ε

638 1437 723 1507 Qulrn
737 1441 813 1497 letus
826 1455 907 1514 quum
918 1437 1067 1497 invenero!

637 1513 725 1582 Quem
736 1510 800 1569 felix
809 1527 894 1585 quum
905 1515 1036 1570 tenuere!

638 1661 715 1718 'lunc
725 1663 873 1734 amplexus,
886 1671 952 1720 tunc
965 1662 1056 1720 oscula

639 1731 703 1800 Quae
718 1733 832 1789 vincunt
845 1734 935 1789 mellis
948 1733 1057 1805 pocula.

639 1801 724 1870 Qudrn
736 1803 799 1859 lelix
811 1802 912 1860 Christi
921 1803 1017 1874 copula
1026 1801 1055 1858 ³!

637 1873 728 1930 Sedin
741 1873 873 1946 hispania
886 1871 1024 1930 morutal.

512 2091 548 2141 v.
563 2093 611 2143 Ad
623 2087 776 2141 Nonam·

137 2259 280 2334 lemquod
298 2258 410 2333 quesivi
419 2257 509 2333 video,

136 2331 217 2401 Quod
230 2331 377 2403 concupivi
393 2339 472 2388 teneo
479 2350 488 2405 3

137 2402 238 2458 Amore
251 2402 315 2458 lesu
329 2403 372 2458 lan
392 2419 456 2472 neo,

135 2471 171 2530 Et
182 2477 238 2529 tcto
250 2472 332 2530 corde
344 2419 435 2531 urgeo.

136 2621 218 2678 Jesus
228 2638 310 2695 quum
324 2622 363 2680 sic
377 2623 510 2696 diligitur,

135 2692 188 2750 llic
202 2709 342 2749 nmnrnon
357 2695 544 2768 exstinguitur,

135 2764 198 2820 Non
213 2766 336 2836 tepescit,
351 2782 402 2821 nec
415 2765 540 2834 meritur,

133 2833 203 2890 Plus
216 2835 316 2893 crescit
330 2841 357 2894 et
369 2836 537 2895 accenditur.

639 2258 974 2342 Hicamcrerdetjugiter‚

638 2331 780 2389 Dulcescit
792 2330 804 2367 ⁵
816 2330 987 2397 mirabiliter,

637 2403 672 2460 St
692 2403 714 2458 it
723 2401 930 2468 delectabiliter,

637 2419 757 2532 Dedecet
769 2480 797 2530 et
812 2472 938 2530 feliciter.

638 2623 689 2678 llic
704 2637 779 2678 amur
793 2622 891 2678 missus
905 2620 1012 2676 coelitus

639 2694 731 2751 liceret
745 2690 811 2747 milri
824 2690 992 2758 medullitus,

640 2765 757 2821 Mentem
770 2760 892 2816 incendit
903 2760 1025 2832 penitus,

639 2833 722 2892 lloe6
736 2833 884 2890 delectatur
897 2831 1018 2905 spiritus.

171 3082 179 3112 ¹
193 3081 300 3132 «Mihi...
343 3085 473 3144 rpetuus»
488 3077 595 3126 l’amcur
619 3073 663 3130 ξ*
679 3072 779 3124 «Sedin
790 3071 830 3121 his
840 3072 932 3136 (s.·ent.
946 3069 1076 3142 aterne»)

136 3143 304 3253 quej'eifour
327 3140 479 3192 esusdhrist
486 3146 523 3189 est
531 3149 595 3211 puur
618 3149 696 3210 parva
711 3135 890 3208 merulus--
903 3132 1039 3203 Modicum,
1050 3136 1077 3180 et

134 3204 187 3254 moi
198 3219 234 3254 un
253 3205 377 3256 ruitdoux
383 3215 482 3254 comme
492 3201 515 3250 le
524 3201 595 3262 intel,
615 3213 672 3263 Jam
683 3211 734 3249 non
743 3195 860 3247 indebitis
870 3207 911 3266 ine
925 3199 1075 3262 :etiterum

134 3266 160 3316 le
170 3265 235 3317 fruit
246 3266 342 3318 eternel
356 3266 387 3316 de
398 3255 488 3314 l'arhre
501 3262 593 3312 devie.
618 3261 755 3313 modicum.
766 3257 916 3310 etvidebrtrs
925 3267 995 3303 me·
1007 3256 1077 3303 saint

168 3328 181 3358 ²
199 3348 210 3373 ι
228 3329 290 3378 llihi
316 3341 419 3392 prorsus
442 3326 593 3384 delicere.»
619 3323 691 3380 teau,
704 3323 778 3383 chan.
790 3334 840 3378 rvr,
855 3333 881 3366 v.
898 3321 935 3366 16.

132 3387 288 3440 m'aneantir
299 3390 456 3440 moi-meme.

600 3411 601 3416 =
651 3387 663 3417 ὓ
682 3377 862 3444 «dulcescit»
880 3377 1005 3427 estdoux.

164 3451 307 3502 ³«Ci1risti
321 3451 443 3514 copula,»
461 3451 592 3513 luposses-
650 3448 662 3478 ⁸
690 3466 702 3492 ι
731 3445 794 3494 Hoc.
816 3460 828 3486 ι
858 3441 920 3491 Suus
936 3465 948 3476 -
964 3437 1076 3490 entendu

130 3515 189 3565 sion
197 3514 229 3564 de
241 3513 419 3564 lesus-Christ.

173 3627 313 3674 cntttttttt.

625 3527 637 3554 ⁸
653 3520 775 3559 &incre-¹

978 3597 1019 3660 25
