<?xml version="1.0" encoding="UTF-8"?>
<!DOCTYPE html PUBLIC "-//W3C//DTD XHTML 1.0 Transitional//EN"
    "http://www.w3.org/TR/xhtml1/DTD/xhtml1-transitional.dtd">
<html xmlns="http://www.w3.org/1999/xhtml" xml:lang="en" lang="en">
 <head>
  <title>
</title>
<meta http-equiv="Content-Type" content="text/html;charset=utf-8" />
  <meta name='ocr-system' content='tesseract 3.04.00' />
  <meta name='ocr-capabilities' content='ocr_page ocr_carea ocr_par ocr_line ocrx_word'/>
</head>
<body>
  <div class='ocr_page' id='page_1' title='image "./carminaepoetisc00clgoog/carminaepoetisc00clgoog_0472.png"; bbox 0 0 2542 4038; ppageno 0'>
   <div class='ocr_carea' id='block_1_1' title="bbox 531 231 1117 304">
    <p class='ocr_par' dir='ltr' id='par_1_1' title="bbox 531 231 1117 304">
     <span class='ocr_line' id='line_1_1' title="bbox 531 231 1117 304; baseline 0.007 -8"><span class='ocrx_word' id='word_1_1' title='bbox 531 231 797 302; x_wconf 61' lang='lat' dir='ltr'>itinerariae.</span> <span class='ocrx_word' id='word_1_2' title='bbox 1070 243 1117 304; x_wconf 73' lang='lat' dir='ltr'>aar</span> 
     </span>
    </p>
   </div>
   <div class='ocr_carea' id='block_1_2' title="bbox 237 339 1087 686">
    <p class='ocr_par' dir='ltr' id='par_1_2' title="bbox 237 339 1087 686">
     <span class='ocr_line' id='line_1_2' title="bbox 274 339 977 472; baseline 0.01 -76"><span class='ocrx_word' id='word_1_3' title='bbox 274 339 438 422; x_wconf 25' lang='lat' dir='ltr'>Virgoleia&#39;ra</span> <span class='ocrx_word' id='word_1_4' title='bbox 780 345 977 472; x_wconf 45' lang='lat' dir='ltr'>Tugraecldrus</span> 
     </span>
     <span class='ocr_line' id='line_1_3' title="bbox 275 411 1028 492; baseline 0.015 -27"><span class='ocrx_word' id='word_1_5' title='bbox 275 411 446 492; x_wconf 78' lang='lat' dir='ltr'>Quaergnera</span> <span class='ocrx_word' id='word_1_6' title='bbox 779 417 836 474; x_wconf 89' lang='lat' dir='ltr'>Est</span> <span class='ocrx_word' id='word_1_7' title='bbox 857 429 966 474; x_wconf 86' lang='lat' dir='ltr'>esaurus</span> <span class='ocrx_word' id='word_1_8' title='bbox 1022 475 1028 482; x_wconf 88' lang='grc'><em>,</em></span> 
     </span>
     <span class='ocr_line' id='line_1_4' title="bbox 237 477 1087 561; baseline 0.014 -26"><span class='ocrx_word' id='word_1_9' title='bbox 237 477 327 536; x_wconf 80' lang='lat' dir='ltr'>Virilis</span> <span class='ocrx_word' id='word_1_10' title='bbox 339 481 478 549; x_wconf 82' lang='lat' dir='ltr'>consortii,</span> <span class='ocrx_word' id='word_1_11' title='bbox 744 488 873 544; x_wconf 90' lang='lat' dir='ltr'>Ornninm</span> <span class='ocrx_word' id='word_1_12' title='bbox 886 488 1087 561; x_wconf 84' lang='lat' dir='ltr'>charismatum,</span> 
     </span>
     <span class='ocr_line' id='line_1_5' title="bbox 272 553 959 629; baseline 0.015 -23"><span class='ocrx_word' id='word_1_13' title='bbox 272 553 397 609; x_wconf 89' lang='lat' dir='ltr'>Meruisti</span> <span class='ocrx_word' id='word_1_14' title='bbox 778 557 850 614; x_wconf 87' lang='lat' dir='ltr'>Sane</span> <span class='ocrx_word' id='word_1_15' title='bbox 863 559 959 629; x_wconf 90' lang='lat' dir='ltr'>plenus</span> 
     </span>
     <span class='ocr_line' id='line_1_6' title="bbox 272 623 941 686; baseline 0.012 -9"><span class='ocrx_word' id='word_1_16' title='bbox 272 623 338 678; x_wconf 88' lang='lat' dir='ltr'>Esse</span> <span class='ocrx_word' id='word_1_17' title='bbox 350 623 453 686; x_wconf 86' lang='lat' dir='ltr'>Christi</span> <span class='ocrx_word' id='word_1_18' title='bbox 776 629 810 684; x_wconf 81' lang='lat' dir='ltr'>nt</span> <span class='ocrx_word' id='word_1_19' title='bbox 819 645 941 686; x_wconf 87' lang='lat' dir='ltr'>amoenus</span> 
     </span>
    </p>
   </div>
   <div class='ocr_carea' id='block_1_3' title="bbox 239 691 1072 759">
    <p class='ocr_par' dir='ltr' id='par_1_3' title="bbox 239 691 1072 759">
     <span class='ocr_line' id='line_1_7' title="bbox 239 691 1072 759; baseline 0.013 -11"><span class='ocrx_word' id='word_1_20' title='bbox 239 693 321 750; x_wconf 79' lang='lat' dir='ltr'>itater</span> <span class='ocrx_word' id='word_1_21' title='bbox 331 693 381 752; x_wconf 87' lang='lat' dir='ltr'>Dei</span> <span class='ocrx_word' id='word_1_22' title='bbox 394 691 466 758; x_wconf 84' lang='lat' dir='ltr'>Filii,</span> <span class='ocrx_word' id='word_1_23' title='bbox 742 700 841 757; x_wconf 87' lang='lat' dir='ltr'>Hortus</span> <span class='ocrx_word' id='word_1_24' title='bbox 851 707 880 756; x_wconf 86' lang='lat' dir='ltr'>es</span> <span class='ocrx_word' id='word_1_25' title='bbox 894 699 1072 759; x_wconf 52' lang='lat' dir='ltr'>eunardi&amp;</span> 
     </span>
    </p>
   </div>
   <div class='ocr_carea' id='block_1_4' title="bbox 238 863 1076 1131">
    <p class='ocr_par' dir='ltr' id='par_1_4' title="bbox 238 863 1076 1131">
     <span class='ocr_line' id='line_1_8' title="bbox 271 863 1020 932; baseline 0.012 -16"><span class='ocrx_word' id='word_1_26' title='bbox 271 863 352 917; x_wconf 87' lang='lat' dir='ltr'>Sume</span> <span class='ocrx_word' id='word_1_27' title='bbox 361 871 432 932; x_wconf 86' lang='lat' dir='ltr'>vota,</span> <span class='ocrx_word' id='word_1_28' title='bbox 778 871 851 926; x_wconf 88' lang='lat' dir='ltr'>Fons</span> <span class='ocrx_word' id='word_1_29' title='bbox 865 870 1020 926; x_wconf 89' lang='lat' dir='ltr'>redundans</span> 
     </span>
     <span class='ocr_line' id='line_1_9' title="bbox 273 932 995 998; baseline 0.012 -11"><span class='ocrx_word' id='word_1_30' title='bbox 273 932 312 987; x_wconf 91' lang='lat' dir='ltr'>Ne</span> <span class='ocrx_word' id='word_1_31' title='bbox 327 942 429 990; x_wconf 89' lang='lat' dir='ltr'>remote</span> <span class='ocrx_word' id='word_1_32' title='bbox 778 941 849 996; x_wconf 85' lang='lat' dir='ltr'>Reos</span> <span class='ocrx_word' id='word_1_33' title='bbox 862 941 995 998; x_wconf 83' lang='lat' dir='ltr'>mundans</span> 
     </span>
     <span class='ocr_line' id='line_1_10' title="bbox 238 1001 1076 1131; baseline 0.013 -73"><span class='ocrx_word' id='word_1_34' title='bbox 238 1001 303 1058; x_wconf 87' lang='lat' dir='ltr'>Tuis</span> <span class='ocrx_word' id='word_1_35' title='bbox 314 1001 350 1058; x_wconf 92' lang='lat' dir='ltr'>sis</span> <span class='ocrx_word' id='word_1_36' title='bbox 365 1003 375 1040; x_wconf 78' lang='lat'><strong>¹</strong></span> <span class='ocrx_word' id='word_1_37' title='bbox 391 1003 568 1131; x_wconf 41' lang='lat' dir='ltr'>supplicibus,</span> <span class='ocrx_word' id='word_1_38' title='bbox 742 1012 764 1065; x_wconf 75' lang='grc' dir='ltr'><strong>Δ</strong></span> <span class='ocrx_word' id='word_1_39' title='bbox 784 1026 876 1068; x_wconf 88' lang='lat' dir='ltr'>nerum</span> <span class='ocrx_word' id='word_1_40' title='bbox 890 1010 1039 1068; x_wconf 80' lang='lat' dir='ltr'>virentiuiri</span> <span class='ocrx_word' id='word_1_41' title='bbox 1053 1013 1076 1082; x_wconf 84' lang='lat'>⁸,</span> 
     </span>
    </p>
   </div>
   <div class='ocr_carea' id='block_1_5' title="bbox 236 1073 1084 1284">
    <p class='ocr_par' dir='ltr' id='par_1_5' title="bbox 236 1073 1084 1284">
     <span class='ocr_line' id='line_1_11' title="bbox 272 1073 1002 1154; baseline 0.015 -26"><span class='ocrx_word' id='word_1_42' title='bbox 272 1073 326 1129; x_wconf 90' lang='lat' dir='ltr'>Sed</span> <span class='ocrx_word' id='word_1_43' title='bbox 337 1073 414 1131; x_wconf 86' lang='lat' dir='ltr'>inten</span> <span class='ocrx_word' id='word_1_44' title='bbox 433 1093 449 1132; x_wconf 93' lang='lat' dir='ltr'>e</span> <span class='ocrx_word' id='word_1_45' title='bbox 802 1097 831 1137; x_wconf 86' lang='lat' dir='ltr'>as</span> <span class='ocrx_word' id='word_1_46' title='bbox 844 1082 889 1154; x_wconf 88' lang='lat' dir='ltr'>qui</span> <span class='ocrx_word' id='word_1_47' title='bbox 906 1081 1002 1140; x_wconf 87' lang='lat' dir='ltr'>bibunt</span> 
     </span>
     <span class='ocr_line' id='line_1_12' title="bbox 272 1143 977 1222; baseline 0.013 -23"><span class='ocrx_word' id='word_1_48' title='bbox 272 1145 306 1200; x_wconf 86' lang='lat' dir='ltr'>Et</span> <span class='ocrx_word' id='word_1_49' title='bbox 319 1143 434 1202; x_wconf 79' lang='lat' dir='ltr'>defende</span> <span class='ocrx_word' id='word_1_50' title='bbox 776 1154 836 1208; x_wconf 91' lang='lat' dir='ltr'>Non</span> <span class='ocrx_word' id='word_1_51' title='bbox 853 1152 977 1222; x_wconf 71' lang='lat' dir='ltr'>odibunt,</span> 
     </span>
     <span class='ocr_line' id='line_1_13' title="bbox 236 1212 1084 1284; baseline 0.013 -14"><span class='ocrx_word' id='word_1_52' title='bbox 236 1213 291 1271; x_wconf 86' lang='lat' dir='ltr'>Nos</span> <span class='ocrx_word' id='word_1_53' title='bbox 301 1230 316 1272; x_wconf 86' lang='lat' dir='ltr'>a</span> <span class='ocrx_word' id='word_1_54' title='bbox 325 1215 405 1274; x_wconf 86' lang='lat' dir='ltr'>maiis</span> <span class='ocrx_word' id='word_1_55' title='bbox 414 1212 548 1277; x_wconf 82' lang='lat' dir='ltr'>omnihus.</span> <span class='ocrx_word' id='word_1_56' title='bbox 739 1221 793 1280; x_wconf 86' lang='lat' dir='ltr'>Sed</span> <span class='ocrx_word' id='word_1_57' title='bbox 808 1222 909 1284; x_wconf 80' lang='lat' dir='ltr'>debent</span> <span class='ocrx_word' id='word_1_58' title='bbox 920 1223 1084 1281; x_wconf 81' lang='lat' dir='ltr'>remedium.</span> 
     </span>
    </p>
   </div>
   <div class='ocr_carea' id='block_1_6' title="bbox 237 1385 1027 1814">
    <p class='ocr_par' dir='ltr' id='par_1_6' title="bbox 237 1385 1027 1814">
     <span class='ocr_line' id='line_1_14' title="bbox 273 1385 999 1464; baseline 0.014 -25"><span class='ocrx_word' id='word_1_59' title='bbox 273 1385 353 1442; x_wconf 67' lang='lat' dir='ltr'>diuite</span> <span class='ocrx_word' id='word_1_60' title='bbox 362 1387 396 1443; x_wconf 90' lang='lat' dir='ltr'>de</span> <span class='ocrx_word' id='word_1_61' title='bbox 407 1396 433 1444; x_wconf 91' lang='lat' dir='ltr'>te</span> <span class='ocrx_word' id='word_1_62' title='bbox 565 1386 568 1393; x_wconf 83' lang='grc'><em>“</em></span> <span class='ocrx_word' id='word_1_63' title='bbox 777 1391 851 1446; x_wconf 83' lang='lat' dir='ltr'>Fons</span> <span class='ocrx_word' id='word_1_64' title='bbox 860 1391 999 1464; x_wconf 79' lang='lat' dir='ltr'>signetus⁴</span> 
     </span>
     <span class='ocr_line' id='line_1_15' title="bbox 276 1457 975 1530; baseline 0.01 -19"><span class='ocrx_word' id='word_1_65' title='bbox 276 1457 344 1523; x_wconf 74' lang='lat' dir='ltr'>Sunt</span> <span class='ocrx_word' id='word_1_66' title='bbox 353 1457 497 1530; x_wconf 77' lang='lat' dir='ltr'>Prophetae</span> <span class='ocrx_word' id='word_1_67' title='bbox 779 1461 839 1524; x_wconf 86' lang='lat' dir='ltr'>Non</span> <span class='ocrx_word' id='word_1_68' title='bbox 853 1461 975 1518; x_wconf 85' lang='lat' dir='ltr'>turbatus</span> 
     </span>
     <span class='ocr_line' id='line_1_16' title="bbox 237 1528 1027 1658; baseline 0.011 -76"><span class='ocrx_word' id='word_1_69' title='bbox 237 1528 337 1587; x_wconf 84' lang='lat' dir='ltr'>Loeuti</span> <span class='ocrx_word' id='word_1_70' title='bbox 350 1529 491 1610; x_wconf 73' lang='lat' dir='ltr'>praesagia,</span> <span class='ocrx_word' id='word_1_71' title='bbox 741 1532 891 1602; x_wconf 83' lang='lat' dir='ltr'>Bestiarum</span> <span class='ocrx_word' id='word_1_72' title='bbox 900 1531 1027 1658; x_wconf 57' lang='lat' dir='ltr'>pedibus,</span> 
     </span>
     <span class='ocr_line' id='line_1_17' title="bbox 275 1599 988 1673; baseline 0.008 -19"><span class='ocrx_word' id='word_1_73' title='bbox 275 1599 336 1660; x_wconf 89' lang='lat' dir='ltr'>Non</span> <span class='ocrx_word' id='word_1_74' title='bbox 345 1599 433 1670; x_wconf 81' lang='lat' dir='ltr'>ignari</span> <span class='ocrx_word' id='word_1_75' title='bbox 774 1603 835 1672; x_wconf 85' lang='lat' dir='ltr'>Non</span> <span class='ocrx_word' id='word_1_76' title='bbox 847 1617 898 1658; x_wconf 88' lang='lat' dir='ltr'>eon</span> <span class='ocrx_word' id='word_1_77' title='bbox 913 1620 988 1673; x_wconf 89' lang='lat' dir='ltr'>usus,</span> 
     </span>
     <span class='ocr_line' id='line_1_18' title="bbox 271 1669 1000 1750; baseline 0.007 -24"><span class='ocrx_word' id='word_1_78' title='bbox 271 1670 418 1746; x_wconf 83' lang='lat' dir='ltr'>Singulari¹</span> <span class='ocrx_word' id='word_1_79' title='bbox 596 1693 600 1698; x_wconf 62' lang='grc'><em>’</em></span> <span class='ocrx_word' id='word_1_80' title='bbox 776 1674 829 1730; x_wconf 87' lang='lat' dir='ltr'>Sed</span> <span class='ocrx_word' id='word_1_81' title='bbox 839 1669 983 1750; x_wconf 79' lang='lat' dir='ltr'>conclusus</span> <span class='ocrx_word' id='word_1_82' title='bbox 998 1741 1000 1746; x_wconf 23' lang='lat'><strong>¹</strong></span> 
     </span>
     <span class='ocr_line' id='line_1_19' title="bbox 237 1739 1010 1814; baseline 0.001 -17"><span class='ocrx_word' id='word_1_83' title='bbox 237 1739 419 1800; x_wconf 78' lang='lat' dir='ltr'>redundare</span> <span class='ocrx_word' id='word_1_84' title='bbox 434 1742 530 1814; x_wconf 74' lang='lat' dir='ltr'>gretie.</span> <span class='ocrx_word' id='word_1_85' title='bbox 741 1743 845 1800; x_wconf 84' lang='lat' dir='ltr'>Divinis</span> <span class='ocrx_word' id='word_1_86' title='bbox 859 1741 1010 1801; x_wconf 82' lang='lat' dir='ltr'>virtutihus.</span> 
     </span>
    </p>
   </div>
   <div class='ocr_carea' id='block_1_7' title="bbox 239 1909 1055 2341">
    <p class='ocr_par' dir='ltr' id='par_1_7' title="bbox 239 1909 1055 2341">
     <span class='ocr_line' id='line_1_20' title="bbox 272 1909 927 1984; baseline -0.002 -18"><span class='ocrx_word' id='word_1_87' title='bbox 272 1909 423 1966; x_wconf 83' lang='lat' dir='ltr'>MeterEve</span> <span class='ocrx_word' id='word_1_88' title='bbox 778 1913 927 1984; x_wconf 85' lang='lat' dir='ltr'>Exquisitis</span> 
     </span>
     <span class='ocr_line' id='line_1_21' title="bbox 275 1980 996 2058; baseline 0.006 -22"><span class='ocrx_word' id='word_1_89' title='bbox 275 1980 360 2038; x_wconf 83' lang='lat' dir='ltr'>Morte</span> <span class='ocrx_word' id='word_1_90' title='bbox 369 1981 441 2039; x_wconf 74' lang='lat' dir='ltr'>saevd</span> <span class='ocrx_word' id='word_1_91' title='bbox 778 1981 930 2058; x_wconf 73' lang='lat' dir='ltr'>Margaritis</span> <span class='ocrx_word' id='word_1_92' title='bbox 993 2033 996 2040; x_wconf 89' lang='grc'>.</span> 
     </span>
     <span class='ocr_line' id='line_1_22' title="bbox 239 2049 1011 2124; baseline 0 -16"><span class='ocrx_word' id='word_1_93' title='bbox 239 2050 320 2120; x_wconf 88' lang='lat' dir='ltr'>Suam</span> <span class='ocrx_word' id='word_1_94' title='bbox 353 2052 439 2107; x_wconf 87' lang='lat' dir='ltr'>rotem</span> <span class='ocrx_word' id='word_1_95' title='bbox 448 2050 584 2124; x_wconf 86' lang='lat' dir='ltr'>perdidit:</span> <span class='ocrx_word' id='word_1_96' title='bbox 745 2054 880 2113; x_wconf 87' lang='lat' dir='ltr'>Ornentur</span> <span class='ocrx_word' id='word_1_97' title='bbox 890 2049 1011 2124; x_wconf 89' lang='lat' dir='ltr'>monilia,</span> 
     </span>
     <span class='ocr_line' id='line_1_23' title="bbox 273 2069 952 2182; baseline 0.006 -6"><span class='ocrx_word' id='word_1_98' title='bbox 273 2069 404 2178; x_wconf 55' lang='lat' dir='ltr'>Tuaddes</span> <span class='ocrx_word' id='word_1_99' title='bbox 779 2124 952 2182; x_wconf 85' lang='lat' dir='ltr'>Sedtuornm</span> 
     </span>
     <span class='ocr_line' id='line_1_24' title="bbox 275 2191 1003 2262; baseline 0.005 -14"><span class='ocrx_word' id='word_1_100' title='bbox 275 2193 333 2262; x_wconf 79' lang='lat' dir='ltr'>Qut</span> <span class='ocrx_word' id='word_1_101' title='bbox 345 2191 454 2248; x_wconf 87' lang='lat' dir='ltr'>renides</span> <span class='ocrx_word' id='word_1_102' title='bbox 778 2197 974 2252; x_wconf 78' lang='lat' dir='ltr'>Pienernorum</span> <span class='ocrx_word' id='word_1_103' title='bbox 999 2253 1003 2258; x_wconf 79' lang='grc'>,</span> 
     </span>
     <span class='ocr_line' id='line_1_25' title="bbox 242 2261 1055 2341; baseline 0 -19"><span class='ocrx_word' id='word_1_104' title='bbox 242 2262 323 2322; x_wconf 86' lang='lat' dir='ltr'>Nobis</span> <span class='ocrx_word' id='word_1_105' title='bbox 336 2263 419 2322; x_wconf 86' lang='lat' dir='ltr'>vitem</span> <span class='ocrx_word' id='word_1_106' title='bbox 432 2261 559 2320; x_wconf 81' lang='lat' dir='ltr'>reddidit.</span> <span class='ocrx_word' id='word_1_107' title='bbox 744 2269 821 2324; x_wconf 82' lang='lat' dir='ltr'>Exiet</span> <span class='ocrx_word' id='word_1_108' title='bbox 835 2266 920 2340; x_wconf 79' lang='lat' dir='ltr'>riiaJ&#39;or</span> <span class='ocrx_word' id='word_1_109' title='bbox 935 2266 1021 2341; x_wconf 84' lang='lat' dir='ltr'>gretia</span> <span class='ocrx_word' id='word_1_110' title='bbox 1033 2266 1055 2322; x_wconf 82' lang='lat'>⁶.</span> 
     </span>
    </p>
   </div>
   <div class='ocr_carea' id='block_1_8' title="bbox 167 2495 1108 3675">
    <p class='ocr_par' dir='ltr' id='par_1_8' title="bbox 168 2495 1103 2612">
     <span class='ocr_line' id='line_1_26' title="bbox 201 2495 1103 2568; baseline 0.002 -20"><span class='ocrx_word' id='word_1_111' title='bbox 201 2495 208 2523; x_wconf 93' lang='lat'><strong>¹</strong></span> <span class='ocrx_word' id='word_1_112' title='bbox 230 2515 243 2568; x_wconf 56' lang='grc' dir='ltr'><strong>ς</strong></span> <span class='ocrx_word' id='word_1_113' title='bbox 252 2497 289 2548; x_wconf 88' lang='lat' dir='ltr'>Ne</span> <span class='ocrx_word' id='word_1_114' title='bbox 298 2504 397 2550; x_wconf 87' lang='lat' dir='ltr'>remota</span> <span class='ocrx_word' id='word_1_115' title='bbox 407 2503 460 2550; x_wconf 81' lang='lat' dir='ltr'>eis»</span> <span class='ocrx_word' id='word_1_116' title='bbox 478 2499 625 2564; x_wconf 76' lang='lat' dir='ltr'>equivauta</span> <span class='ocrx_word' id='word_1_117' title='bbox 643 2502 700 2551; x_wconf 86' lang='lat' dir='ltr'>vire</span> <span class='ocrx_word' id='word_1_118' title='bbox 729 2502 772 2564; x_wconf 90' lang='lat' dir='ltr'>qui</span> <span class='ocrx_word' id='word_1_119' title='bbox 796 2514 822 2552; x_wconf 88' lang='lat' dir='ltr'>se</span> <span class='ocrx_word' id='word_1_120' title='bbox 857 2501 978 2564; x_wconf 78' lang='lat' dir='ltr'>precipite</span> <span class='ocrx_word' id='word_1_121' title='bbox 997 2501 1031 2550; x_wconf 88' lang='lat' dir='ltr'>du</span> <span class='ocrx_word' id='word_1_122' title='bbox 1050 2501 1103 2550; x_wconf 88' lang='lat' dir='ltr'>Li-</span> 
     </span>
     <span class='ocr_line' id='line_1_27' title="bbox 168 2557 728 2612; baseline 0.016 -9"><span class='ocrx_word' id='word_1_123' title='bbox 168 2577 180 2603; x_wconf 81' lang='lat'><strong>«</strong></span> <span class='ocrx_word' id='word_1_124' title='bbox 192 2557 245 2608; x_wconf 90' lang='lat' dir='ltr'>noh</span> <span class='ocrx_word' id='word_1_125' title='bbox 255 2567 350 2612; x_wconf 84' lang='lat' dir='ltr'>remota</span> <span class='ocrx_word' id='word_1_126' title='bbox 361 2575 423 2612; x_wconf 87' lang='lat' dir='ltr'>esse.</span> <span class='ocrx_word' id='word_1_127' title='bbox 435 2580 446 2605; x_wconf 71' lang='grc' dir='ltr'>ι</span> <span class='ocrx_word' id='word_1_128' title='bbox 641 2563 702 2612; x_wconf 84' lang='lat' dir='ltr'>ban.</span> <span class='ocrx_word' id='word_1_129' title='bbox 716 2581 728 2607; x_wconf 72' lang='lat' dir='ltr'>i</span> 
     </span>
    </p>

    <p class='ocr_par' dir='ltr' id='par_1_9' title="bbox 167 2619 1108 3428">
     <span class='ocr_line' id='line_1_28' title="bbox 201 2619 1103 2685; baseline -0.001 -12"><span class='ocrx_word' id='word_1_130' title='bbox 201 2619 213 2650; x_wconf 73' lang='lat'>²</span> <span class='ocrx_word' id='word_1_131' title='bbox 241 2621 364 2673; x_wconf 74' lang='lat' dir='ltr'>«Honos</span> <span class='ocrx_word' id='word_1_132' title='bbox 398 2629 569 2675; x_wconf 76' lang='lat' dir='ltr'>aromatum»</span> <span class='ocrx_word' id='word_1_133' title='bbox 588 2629 625 2672; x_wconf 88' lang='lat' dir='ltr'>est</span> <span class='ocrx_word' id='word_1_134' title='bbox 680 2625 690 2654; x_wconf 88' lang='lat'><strong>⁴</strong></span> <span class='ocrx_word' id='word_1_135' title='bbox 718 2627 816 2674; x_wconf 79' lang='lat' dir='ltr'>«Fons</span> <span class='ocrx_word' id='word_1_136' title='bbox 839 2623 991 2685; x_wconf 79' lang='lat' dir='ltr'>signatus.»</span> <span class='ocrx_word' id='word_1_137' title='bbox 1015 2635 1103 2672; x_wconf 77' lang='lat' dir='ltr'>source</span> 
     </span>
     <span class='ocr_line' id='line_1_29' title="bbox 168 2683 1102 2797; baseline 0.002 -67"><span class='ocrx_word' id='word_1_138' title='bbox 168 2683 222 2746; x_wconf 88' lang='lat' dir='ltr'>pris</span> <span class='ocrx_word' id='word_1_139' title='bbox 234 2683 297 2733; x_wconf 85' lang='lat' dir='ltr'>dans</span> <span class='ocrx_word' id='word_1_140' title='bbox 308 2699 343 2734; x_wconf 90' lang='lat' dir='ltr'>un</span> <span class='ocrx_word' id='word_1_141' title='bbox 357 2699 412 2736; x_wconf 85' lang='lat' dir='ltr'>sens</span> <span class='ocrx_word' id='word_1_142' title='bbox 422 2685 547 2797; x_wconf 41' lang='lat' dir='ltr'>mystigue</span> <span class='ocrx_word' id='word_1_143' title='bbox 558 2698 626 2735; x_wconf 88' lang='lat' dir='ltr'>eom·</span> <span class='ocrx_word' id='word_1_144' title='bbox 648 2686 765 2746; x_wconf 81' lang='lat' dir='ltr'>marquee</span> <span class='ocrx_word' id='word_1_145' title='bbox 782 2684 842 2732; x_wconf 88' lang='lat' dir='ltr'>d’un</span> <span class='ocrx_word' id='word_1_146' title='bbox 857 2695 930 2754; x_wconf 82' lang='lat' dir='ltr'>sceau</span> <span class='ocrx_word' id='word_1_147' title='bbox 946 2683 1102 2744; x_wconf 86' lang='lat' dir='ltr'>particulier.</span> 
     </span>
     <span class='ocr_line' id='line_1_30' title="bbox 167 2745 1102 2810; baseline 0.002 -17"><span class='ocrx_word' id='word_1_148' title='bbox 167 2757 211 2794; x_wconf 90' lang='lat' dir='ltr'>me</span> <span class='ocrx_word' id='word_1_149' title='bbox 228 2757 269 2795; x_wconf 85' lang='lat' dir='ltr'>ees</span> <span class='ocrx_word' id='word_1_150' title='bbox 285 2748 440 2810; x_wconf 79' lang='lat' dir='ltr'>expressions</span> <span class='ocrx_word' id='word_1_151' title='bbox 456 2747 490 2797; x_wconf 90' lang='lat' dir='ltr'>du</span> <span class='ocrx_word' id='word_1_152' title='bbox 522 2748 627 2808; x_wconf 78' lang='lat' dir='ltr'>uotique</span> <span class='ocrx_word' id='word_1_153' title='bbox 650 2746 772 2808; x_wconf 79' lang='lat' dir='ltr'>Gentique</span> <span class='ocrx_word' id='word_1_154' title='bbox 791 2751 833 2793; x_wconf 81' lang='lat' dir='ltr'>des</span> <span class='ocrx_word' id='word_1_155' title='bbox 853 2749 991 2805; x_wconf 71' lang='lat' dir='ltr'>continues,</span> <span class='ocrx_word' id='word_1_156' title='bbox 1008 2745 1049 2792; x_wconf 88' lang='lat' dir='ltr'>eh.</span> <span class='ocrx_word' id='word_1_157' title='bbox 1068 2759 1102 2805; x_wconf 82' lang='lat' dir='ltr'>iv,</span> 
     </span>
     <span class='ocr_line' id='line_1_31' title="bbox 170 2806 1103 2870; baseline 0.002 -16"><span class='ocrx_word' id='word_1_158' title='bbox 170 2807 212 2855; x_wconf 77' lang='lat' dir='ltr'>dee</span> <span class='ocrx_word' id='word_1_159' title='bbox 223 2809 361 2870; x_wconf 73' lang='lat' dir='ltr'>contiones,</span> <span class='ocrx_word' id='word_1_160' title='bbox 372 2810 413 2860; x_wconf 86' lang='lat' dir='ltr'>eh.</span> <span class='ocrx_word' id='word_1_161' title='bbox 429 2824 446 2869; x_wconf 90' lang='lat'>1,</span> <span class='ocrx_word' id='word_1_162' title='bbox 457 2823 482 2858; x_wconf 88' lang='lat' dir='ltr'>v.</span> <span class='ocrx_word' id='word_1_163' title='bbox 493 2815 507 2857; x_wconf 82' lang='lat'><strong>4</strong></span> <span class='ocrx_word' id='word_1_164' title='bbox 518 2825 524 2858; x_wconf 89' lang='lat'><strong>:</strong></span> <span class='ocrx_word' id='word_1_165' title='bbox 544 2809 627 2858; x_wconf 74' lang='lat' dir='ltr'>«Cur-</span> <span class='ocrx_word' id='word_1_166' title='bbox 647 2823 671 2859; x_wconf 91' lang='lat' dir='ltr'>v.</span> <span class='ocrx_word' id='word_1_167' title='bbox 685 2811 712 2856; x_wconf 73' lang='lat' dir='ltr'>tt</span> <span class='ocrx_word' id='word_1_168' title='bbox 723 2821 729 2856; x_wconf 92' lang='lat'><strong>:</strong></span> <span class='ocrx_word' id='word_1_169' title='bbox 749 2826 760 2852; x_wconf 70' lang='grc' dir='ltr'><strong>α</strong></span> <span class='ocrx_word' id='word_1_170' title='bbox 772 2806 864 2858; x_wconf 86' lang='lat' dir='ltr'>Hortus</span> <span class='ocrx_word' id='word_1_171' title='bbox 874 2806 1013 2867; x_wconf 62' lang='lat' dir='ltr'>conclusus</span> <span class='ocrx_word' id='word_1_172' title='bbox 1024 2818 1103 2868; x_wconf 83' lang='lat' dir='ltr'>soror,</span> 
     </span>
     <span class='ocr_line' id='line_1_32' title="bbox 171 2867 1104 2941; baseline 0.001 -25"><span class='ocrx_word' id='word_1_173' title='bbox 171 2881 258 2917; x_wconf 89' lang='lat' dir='ltr'>remus</span> <span class='ocrx_word' id='word_1_174' title='bbox 281 2869 310 2920; x_wconf 91' lang='lat' dir='ltr'>in</span> <span class='ocrx_word' id='word_1_175' title='bbox 334 2871 409 2921; x_wconf 89' lang='lat' dir='ltr'>odore</span> <span class='ocrx_word' id='word_1_176' title='bbox 437 2885 473 2920; x_wconf 88' lang='lat' dir='ltr'>un</span> <span class='ocrx_word' id='word_1_177' title='bbox 510 2877 628 2920; x_wconf 79' lang='lat' dir='ltr'>entorum</span> <span class='ocrx_word' id='word_1_178' title='bbox 648 2882 706 2919; x_wconf 90' lang='lat' dir='ltr'>mea</span> <span class='ocrx_word' id='word_1_179' title='bbox 727 2881 836 2941; x_wconf 85' lang='lat' dir='ltr'>sponsa.</span> <span class='ocrx_word' id='word_1_180' title='bbox 853 2867 941 2940; x_wconf 80' lang='lat' dir='ltr'>hortus</span> <span class='ocrx_word' id='word_1_181' title='bbox 958 2867 1104 2940; x_wconf 35' lang='lat' dir='ltr'>&#39;conclusus</span> 
     </span>
     <span class='ocr_line' id='line_1_33' title="bbox 169 2931 1104 2996; baseline 0.002 -18"><span class='ocrx_word' id='word_1_182' title='bbox 169 2935 306 2981; x_wconf 77' lang='lat' dir='ltr'>tuorum.»</span> <span class='ocrx_word' id='word_1_183' title='bbox 325 2932 346 2982; x_wconf 93' lang='grc'>11</span> <span class='ocrx_word' id='word_1_184' title='bbox 363 2939 414 2984; x_wconf 86' lang='lat' dir='ltr'>sert</span> <span class='ocrx_word' id='word_1_185' title='bbox 430 2933 446 2981; x_wconf 79' lang='lat' dir='ltr'>a</span> <span class='ocrx_word' id='word_1_186' title='bbox 461 2933 476 2981; x_wconf 95' lang='lat' dir='ltr'>d</span> <span class='ocrx_word' id='word_1_187' title='bbox 493 2933 578 2996; x_wconf 81' lang='lat' dir='ltr'>signer</span> <span class='ocrx_word' id='word_1_188' title='bbox 593 2932 628 2981; x_wconf 90' lang='lat' dir='ltr'>les</span> <span class='ocrx_word' id='word_1_189' title='bbox 649 2931 705 2981; x_wconf 83' lang='lat' dir='ltr'>fons</span> <span class='ocrx_word' id='word_1_190' title='bbox 725 2938 873 2996; x_wconf 77' lang='lat' dir='ltr'>signatus.»</span> <span class='ocrx_word' id='word_1_191' title='bbox 894 2931 965 2980; x_wconf 88' lang='lat' dir='ltr'>Vorer</span> <span class='ocrx_word' id='word_1_192' title='bbox 986 2931 1009 2982; x_wconf 88' lang='lat' dir='ltr'>le</span> <span class='ocrx_word' id='word_1_193' title='bbox 1031 2943 1104 2980; x_wconf 86' lang='lat' dir='ltr'>eom-</span> 
     </span>
     <span class='ocr_line' id='line_1_34' title="bbox 170 2992 1105 3058; baseline 0.003 -19"><span class='ocrx_word' id='word_1_194' title='bbox 170 2993 628 3058; x_wconf 77' lang='lat' dir='ltr'>vertusdelaseinteVierge,quird-</span> <span class='ocrx_word' id='word_1_195' title='bbox 649 2995 773 3044; x_wconf 87' lang='lat' dir='ltr'>mentaire</span> <span class='ocrx_word' id='word_1_196' title='bbox 800 2994 831 3042; x_wconf 88' lang='lat' dir='ltr'>de</span> <span class='ocrx_word' id='word_1_197' title='bbox 858 2992 987 3043; x_wconf 83' lang='lat' dir='ltr'>Glichtove</span> <span class='ocrx_word' id='word_1_198' title='bbox 1014 3006 1059 3042; x_wconf 88' lang='lat' dir='ltr'>sur</span> <span class='ocrx_word' id='word_1_199' title='bbox 1076 3005 1105 3042; x_wconf 86' lang='lat' dir='ltr'>ee</span> 
     </span>
     <span class='ocr_line' id='line_1_35' title="bbox 170 3053 1105 3120; baseline 0.002 -20"><span class='ocrx_word' id='word_1_200' title='bbox 170 3053 283 3116; x_wconf 82' lang='lat' dir='ltr'>pandent</span> <span class='ocrx_word' id='word_1_201' title='bbox 293 3069 329 3105; x_wconf 89' lang='lat' dir='ltr'>un</span> <span class='ocrx_word' id='word_1_202' title='bbox 342 3056 409 3106; x_wconf 85' lang='lat' dir='ltr'>doux</span> <span class='ocrx_word' id='word_1_203' title='bbox 419 3056 519 3119; x_wconf 83' lang='lat' dir='ltr'>perium</span> <span class='ocrx_word' id='word_1_204' title='bbox 533 3057 595 3105; x_wconf 87' lang='lat' dir='ltr'>dans</span> <span class='ocrx_word' id='word_1_205' title='bbox 605 3054 629 3104; x_wconf 89' lang='lat' dir='ltr'>le</span> <span class='ocrx_word' id='word_1_206' title='bbox 648 3069 766 3120; x_wconf 81' lang='lat' dir='ltr'>passage:</span> <span class='ocrx_word' id='word_1_207' title='bbox 786 3076 796 3100; x_wconf 69' lang='lat' dir='ltr'>a</span> <span class='ocrx_word' id='word_1_208' title='bbox 809 3055 911 3112; x_wconf 84' lang='lat' dir='ltr'>Hortus,</span> <span class='ocrx_word' id='word_1_209' title='bbox 923 3055 1037 3119; x_wconf 89' lang='lat' dir='ltr'>inquam,</span> <span class='ocrx_word' id='word_1_210' title='bbox 1048 3067 1105 3104; x_wconf 88' lang='lat' dir='ltr'>eon-</span> 
     </span>
     <span class='ocr_line' id='line_1_36' title="bbox 171 3115 1106 3188; baseline 0.003 -25"><span class='ocrx_word' id='word_1_211' title='bbox 171 3117 262 3166; x_wconf 87' lang='lat' dir='ltr'>monde</span> <span class='ocrx_word' id='word_1_212' title='bbox 282 3120 372 3170; x_wconf 87' lang='lat' dir='ltr'>entier.</span> <span class='ocrx_word' id='word_1_213' title='bbox 396 3120 465 3168; x_wconf 87' lang='lat' dir='ltr'>Nous</span> <span class='ocrx_word' id='word_1_214' title='bbox 476 3131 553 3167; x_wconf 88' lang='lat' dir='ltr'>avons</span> <span class='ocrx_word' id='word_1_215' title='bbox 572 3117 630 3178; x_wconf 81' lang='lat' dir='ltr'>deja</span> <span class='ocrx_word' id='word_1_216' title='bbox 650 3118 733 3168; x_wconf 91' lang='lat' dir='ltr'>elusus</span> <span class='ocrx_word' id='word_1_217' title='bbox 747 3119 834 3168; x_wconf 81' lang='lat' dir='ltr'>diuino</span> <span class='ocrx_word' id='word_1_218' title='bbox 849 3117 964 3181; x_wconf 74' lang='lat' dir='ltr'>praesidio</span> <span class='ocrx_word' id='word_1_219' title='bbox 979 3123 1004 3188; x_wconf 77' lang='lat' dir='ltr'>et</span> <span class='ocrx_word' id='word_1_220' title='bbox 1021 3115 1106 3188; x_wconf 69' lang='lat' dir='ltr'>uirtu-</span> 
     </span>
     <span class='ocr_line' id='line_1_37' title="bbox 172 3177 1107 3242; baseline 0 -17"><span class='ocrx_word' id='word_1_221' title='bbox 172 3181 306 3242; x_wconf 76' lang='lat' dir='ltr'>remarque</span> <span class='ocrx_word' id='word_1_222' title='bbox 321 3193 371 3230; x_wconf 92' lang='lat' dir='ltr'>une</span> <span class='ocrx_word' id='word_1_223' title='bbox 389 3180 630 3242; x_wconf 81' lang='lat' dir='ltr'>metaphoreanalo-</span> <span class='ocrx_word' id='word_1_224' title='bbox 649 3187 705 3230; x_wconf 84' lang='lat' dir='ltr'>turn</span> <span class='ocrx_word' id='word_1_225' title='bbox 729 3179 922 3235; x_wconf 80' lang='lat' dir='ltr'>munitionibus.</span> <span class='ocrx_word' id='word_1_226' title='bbox 933 3191 965 3227; x_wconf 87' lang='lat' dir='ltr'>ne</span> <span class='ocrx_word' id='word_1_227' title='bbox 982 3191 1009 3226; x_wconf 91' lang='lat' dir='ltr'>rn</span> <span class='ocrx_word' id='word_1_228' title='bbox 1032 3177 1107 3226; x_wconf 90' lang='lat' dir='ltr'>1ilum</span> 
     </span>
     <span class='ocr_line' id='line_1_38' title="bbox 172 3238 1106 3311; baseline -0.001 -23"><span class='ocrx_word' id='word_1_229' title='bbox 172 3251 221 3302; x_wconf 79' lang='lat' dir='ltr'>gue</span> <span class='ocrx_word' id='word_1_230' title='bbox 244 3241 307 3291; x_wconf 88' lang='lat' dir='ltr'>dans</span> <span class='ocrx_word' id='word_1_231' title='bbox 336 3243 371 3291; x_wconf 89' lang='lat' dir='ltr'>t&#39;h</span> <span class='ocrx_word' id='word_1_232' title='bbox 389 3256 448 3291; x_wconf 88' lang='lat' dir='ltr'>mne</span> <span class='ocrx_word' id='word_1_233' title='bbox 473 3243 630 3291; x_wconf 77' lang='lat' dir='ltr'>Suorosaae-</span> <span class='ocrx_word' id='word_1_234' title='bbox 651 3243 794 3305; x_wconf 83' lang='lat' dir='ltr'>ingressum</span> <span class='ocrx_word' id='word_1_235' title='bbox 806 3242 918 3311; x_wconf 74' lang='lat' dir='ltr'>habeant</span> <span class='ocrx_word' id='word_1_236' title='bbox 929 3238 1032 3288; x_wconf 85' lang='lat' dir='ltr'>hostiles</span> <span class='ocrx_word' id='word_1_237' title='bbox 1042 3238 1106 3310; x_wconf 79' lang='lat' dir='ltr'>insi·</span> 
     </span>
     <span class='ocr_line' id='line_1_39' title="bbox 173 3303 1108 3373; baseline 0.004 -27"><span class='ocrx_word' id='word_1_238' title='bbox 173 3307 200 3348; x_wconf 80' lang='lat' dir='ltr'>ta</span> <span class='ocrx_word' id='word_1_239' title='bbox 217 3303 356 3354; x_wconf 78' lang='lat' dir='ltr'>hodiernae.</span> <span class='ocrx_word' id='word_1_240' title='bbox 401 3316 549 3368; x_wconf 77' lang='lat' dir='ltr'>oyez‚page</span> <span class='ocrx_word' id='word_1_241' title='bbox 574 3307 629 3366; x_wconf 73' lang='lat' dir='ltr'>iri,</span> <span class='ocrx_word' id='word_1_242' title='bbox 649 3303 698 3352; x_wconf 86' lang='lat' dir='ltr'>diae</span> <span class='ocrx_word' id='word_1_243' title='bbox 704 3320 712 3367; x_wconf 90' lang='lat'>;</span> <span class='ocrx_word' id='word_1_244' title='bbox 738 3305 793 3353; x_wconf 85' lang='lat' dir='ltr'>fons</span> <span class='ocrx_word' id='word_1_245' title='bbox 816 3304 879 3352; x_wconf 89' lang='lat' dir='ltr'>item</span> <span class='ocrx_word' id='word_1_246' title='bbox 900 3306 1013 3364; x_wconf 78' lang='lat' dir='ltr'>signatus</span> <span class='ocrx_word' id='word_1_247' title='bbox 1030 3306 1108 3373; x_wconf 77' lang='lat' dir='ltr'>totius</span> 
     </span>
     <span class='ocr_line' id='line_1_40' title="bbox 171 3361 1107 3428; baseline 0 -17"><span class='ocrx_word' id='word_1_248' title='bbox 171 3369 228 3414; x_wconf 86' lang='lat' dir='ltr'>note</span> <span class='ocrx_word' id='word_1_249' title='bbox 239 3369 262 3414; x_wconf 79' lang='grc' dir='ltr'>ὅ.</span> <span class='ocrx_word' id='word_1_250' title='bbox 651 3367 780 3416; x_wconf 81' lang='lat' dir='ltr'>Trinitatis</span> <span class='ocrx_word' id='word_1_251' title='bbox 796 3363 925 3428; x_wconf 85' lang='lat' dir='ltr'>signaculo</span> <span class='ocrx_word' id='word_1_252' title='bbox 941 3369 968 3412; x_wconf 85' lang='lat' dir='ltr'>et</span> <span class='ocrx_word' id='word_1_253' title='bbox 986 3361 1107 3425; x_wconf 83' lang='lat' dir='ltr'>peculiari</span> 
     </span>
    </p>

    <p class='ocr_par' dir='ltr' id='par_1_10' title="bbox 174 3424 1106 3675">
     <span class='ocr_line' id='line_1_41' title="bbox 206 3424 977 3496; baseline -0.004 -20"><span class='ocrx_word' id='word_1_254' title='bbox 206 3427 217 3456; x_wconf 77' lang='lat'>²</span> <span class='ocrx_word' id='word_1_255' title='bbox 233 3429 317 3478; x_wconf 82' lang='lat' dir='ltr'>«Fons</span> <span class='ocrx_word' id='word_1_256' title='bbox 326 3441 450 3490; x_wconf 84' lang='lat' dir='ltr'>aquarum</span> <span class='ocrx_word' id='word_1_257' title='bbox 460 3429 629 3477; x_wconf 81' lang='lat' dir='ltr'>viventium.»</span> <span class='ocrx_word' id='word_1_258' title='bbox 650 3428 728 3492; x_wconf 89' lang='lat' dir='ltr'>ipsius</span> <span class='ocrx_word' id='word_1_259' title='bbox 737 3428 782 3476; x_wconf 90' lang='lat' dir='ltr'>Dei</span> <span class='ocrx_word' id='word_1_260' title='bbox 794 3424 907 3496; x_wconf 75' lang='lat' dir='ltr'>sigilio.»</span> <span class='ocrx_word' id='word_1_261' title='bbox 973 3485 977 3496; x_wconf 35' lang='grc' dir='ltr'>Ι</span> 
     </span>
     <span class='ocr_line' id='line_1_42' title="bbox 178 3481 1105 3552; baseline 0.004 -16"><span class='ocrx_word' id='word_1_262' title='bbox 178 3485 301 3552; x_wconf 74' lang='lat' dir='ltr'>Caurique</span> <span class='ocrx_word' id='word_1_263' title='bbox 313 3493 357 3539; x_wconf 79' lang='lat' dir='ltr'>des</span> <span class='ocrx_word' id='word_1_264' title='bbox 370 3491 508 3551; x_wconf 74' lang='lat' dir='ltr'>ouationes,</span> <span class='ocrx_word' id='word_1_265' title='bbox 528 3491 570 3539; x_wconf 88' lang='lat' dir='ltr'>ch.</span> <span class='ocrx_word' id='word_1_266' title='bbox 592 3503 631 3550; x_wconf 86' lang='lat' dir='ltr'>rv,</span> <span class='ocrx_word' id='word_1_267' title='bbox 685 3491 696 3520; x_wconf 81' lang='lat'>¹⁵</span> <span class='ocrx_word' id='word_1_268' title='bbox 713 3488 897 3548; x_wconf 71' lang='lat' dir='ltr'>«exquisitis...</span> <span class='ocrx_word' id='word_1_269' title='bbox 913 3491 1023 3548; x_wconf 81' lang='lat' dir='ltr'>gratra.»</span> <span class='ocrx_word' id='word_1_270' title='bbox 1037 3481 1105 3540; x_wconf 61' lang='lat' dir='ltr'>Cone</span> 
     </span>
     <span class='ocr_line' id='line_1_43' title="bbox 176 3541 1106 3603; baseline -0.003 -4"><span class='ocrx_word' id='word_1_271' title='bbox 176 3563 200 3599; x_wconf 81' lang='lat' dir='ltr'>v.</span> <span class='ocrx_word' id='word_1_272' title='bbox 225 3555 252 3600; x_wconf 82' lang='lat'>15</span> <span class='ocrx_word' id='word_1_273' title='bbox 274 3567 281 3600; x_wconf 92' lang='lat'><strong>:</strong></span> <span class='ocrx_word' id='word_1_274' title='bbox 311 3569 320 3594; x_wconf 79' lang='grc' dir='ltr'>ι</span> <span class='ocrx_word' id='word_1_275' title='bbox 346 3555 379 3602; x_wconf 85' lang='lat' dir='ltr'>ta</span> <span class='ocrx_word' id='word_1_276' title='bbox 405 3551 516 3603; x_wconf 87' lang='lat' dir='ltr'>iontaine</span> <span class='ocrx_word' id='word_1_277' title='bbox 540 3551 570 3600; x_wconf 89' lang='lat' dir='ltr'>de</span> <span class='ocrx_word' id='word_1_278' title='bbox 596 3559 634 3602; x_wconf 84' lang='lat' dir='ltr'>tes</span> <span class='ocrx_word' id='word_1_279' title='bbox 652 3551 698 3600; x_wconf 84' lang='lat' dir='ltr'>seit</span> <span class='ocrx_word' id='word_1_280' title='bbox 718 3549 808 3599; x_wconf 79' lang='lat' dir='ltr'>delicat</span> <span class='ocrx_word' id='word_1_281' title='bbox 832 3553 857 3597; x_wconf 90' lang='lat' dir='ltr'>et</span> <span class='ocrx_word' id='word_1_282' title='bbox 880 3541 1106 3599; x_wconf 78' lang='lat' dir='ltr'>charmaneeonne</span> 
     </span>
     <span class='ocr_line' id='line_1_44' title="bbox 174 3607 922 3675; baseline -0.003 -13"><span class='ocrx_word' id='word_1_283' title='bbox 174 3612 273 3675; x_wconf 85' lang='lat' dir='ltr'>jardins</span> <span class='ocrx_word' id='word_1_284' title='bbox 300 3621 339 3664; x_wconf 82' lang='lat' dir='ltr'>est</span> <span class='ocrx_word' id='word_1_285' title='bbox 363 3627 414 3664; x_wconf 89' lang='lat' dir='ltr'>une</span> <span class='ocrx_word' id='word_1_286' title='bbox 443 3623 530 3664; x_wconf 87' lang='lat' dir='ltr'>souree</span> <span class='ocrx_word' id='word_1_287' title='bbox 562 3613 635 3663; x_wconf 83' lang='lat' dir='ltr'>d&#39;eau</span> <span class='ocrx_word' id='word_1_288' title='bbox 653 3611 685 3662; x_wconf 84' lang='lat' dir='ltr'>ici</span> <span class='ocrx_word' id='word_1_289' title='bbox 695 3611 841 3673; x_wconf 83' lang='lat' dir='ltr'>auxjeunes</span> <span class='ocrx_word' id='word_1_290' title='bbox 850 3607 922 3660; x_wconf 73' lang='lat' dir='ltr'>filled.</span> 
     </span>
    </p>
   </div>
   <div class='ocr_carea' id='block_1_9' title="bbox 0 0 1292 4038">
    <p class='ocr_par' dir='ltr' id='par_1_11' title="bbox 0 0 1292 4038">
     <span class='ocr_line' id='line_1_45' title="bbox 0 0 1292 4038; baseline 0 0"><span class='ocrx_word' id='word_1_291' title='bbox 0 0 1292 4038; x_wconf 95' lang='lat' dir='ltr'> </span> 
     </span>
    </p>
   </div>
  </div>
 </body>
</html>
