2522 4024
467 189 561 242 stiur
577 190 702 242 outnNT.
1015 195 1058 244 191

243 288 302 352 Una
320 289 350 354 in
362 289 477 352 dirersis
490 291 603 352 vexerit
613 290 784 371 agminibus,
937 345 942 358 ‚
1008 309 1060 356 aso

204 373 227 434 Α
277 389 294 432 e
306 371 400 432 omnis
412 369 511 450 raptim
521 370 645 437 celeratis
654 371 794 451 gressibus
807 368 860 432 ibit

268 449 391 513 educens
400 449 525 512 sobolem
533 450 746 532 prosapiamque
755 458 850 532 putem

203 530 366 612 Cunctaque
373 535 504 590 contento
518 527 632 592 duccmr
644 529 825 604 limaturam,
904 569 907 578 ι

244 610 337 684 Quum
352 609 436 672 fuerit
444 610 552 672 medius
564 610 723 692 progenitor
733 609 844 692 genitis.

156 687 172 726 ·'
193 688 262 753 ¹ileo
275 689 326 753 tibi
339 689 460 752 famosas
471 689 565 765 urbes,
580 697 733 773 gentesque
746 695 885 767 remotas,
1010 707 1061 754 aas

149 790 153 797 ·
243 771 397 853 Regnaque
410 789 472 852 quae
484 789 560 832 nunc
571 780 648 847 sunt,
664 789 760 852 quaeve
775 771 864 845 fuere,
879 771 988 852 loquar.

204 851 249 914 Fri
289 869 320 913 re
333 869 391 912 non
405 869 508 932 segnes
521 850 648 933 populos,
663 869 720 911 nou
732 851 790 913 sole
804 859 942 933 perustos,

244 869 377 1013 &imque
394 929 491 993 habuit
503 949 629 1005 nascens,
645 929 832 1013 occiduusque
846 931 916 1004 dies,

206 1010 261 1074 Sed
277 1009 333 1072 luit
344 1029 360 1070 a
370 1011 456 1102 primi
471 1011 598 1090 genitum
612 1009 686 1092 quod
700 1018 825 1094 tempore
838 1009 936 1075 mundi

244 1085 282 1151 Us
303 1093 339 1150 ut
349 1085 424 1151 dreni
436 1087 542 1152 mundo
552 1090 598 1172 qui
610 1088 694 1151 mcdd
703 1089 841 1170 finiserit,
1012 1105 1062 1153 aso

206 1111 342 1234 Omniius
355 1171 460 1231 ieterris
475 1170 581 1231 animas
591 1171 735 1252 justasque
748 1171 864 1253 reasque

243 1249 307 1314 Uno
323 1250 474 1311 constituet
488 1250 571 1312 'ussio
586 1249 674 1332 prima
689 1255 762 1311 loco.

205 1327 260 1393 liet
274 1336 370 1393 tamen
381 1329 438 1392 ulla
450 1333 460 1368 ¹
471 1269 547 1392 iilinc
559 1339 637 1392 tanta
648 1330 723 1392 inter
733 1327 819 1392 millia
830 1337 927 1414 perget

244 1410 314 1482 Qus
324 1409 426 1472 nonsit
437 1409 557 1472 Domino
571 1406 742 1472 dinumerata
754 1425 818 1473 suo.

205 1490 268 1553 lior
282 1490 396 1552 rutilum
411 1490 547 1553 scandens
557 1488 655 1553 eadem
669 1508 734 1552 cum
743 1507 825 1553 carne
837 1475 967 1566 tribuual,
1012 1505 1064 1554 395

245 1569 337 1643 Quam
348 1569 419 1632 coelu
433 1571 576 1644 intulerat,
591 1571 747 1656 glorificens
769 1571 924 1645 hominem,

206 1649 308 1716 Omnia
326 1667 390 1792 quae
403 1651 517 1732 reliquis
532 1649 659 1714 labantur
673 1653 701 1716 in
712 1651 808 1713 ordine
821 1651 921 1724 saeclis,

247 1731 317 1803 Que
342 1751 409 1810 unc,
419 1751 516 1814 quaeve
528 1731 629 1794 dehinc
642 1732 703 1814 lege
715 1739 845 1794 manente
854 1731 942 1803 lirant,

209 1811 263 1876 Ore
274 1815 363 1889 sacer,
380 1812 469 1873 celsus
482 1811 561 1886 solio,
577 1821 682 1874 terrore
696 1809 843 1884 videndus,

246 1890 430 1974 Conspicuus,
446 1891 495 1952 scd
506 1891 552 1953 vix
565 1891 788 1972 conspiciendus,
803 1893 881 1972 aget3
1013 1905 1064 1952 loo

209 1973 243 2033 tt
262 1991 298 2032 ne
313 1972 385 2033 inter
394 1971 515 2034 flammae
527 1979 640 2042 tractus,
652 1971 815 2051 sonitusque
828 1966 968 2042 tuberum,

292 2047 451 2134 geticusque
465 2051 576 2124 choros,
593 2050 777 2132 militiamque
788 2057 904 2118 sacram,

209 2131 283 2194 latet
304 2137 332 2192 et
348 2131 501 2205 infantum,
518 2135 648 2204 matrum,
658 2130 859 2212 juvenumque,
870 2137 1026 2210 senumque

248 2212 379 2285 Pallenes,
396 2211 477 2272 lictus
522 2211 616 2288 audie,
630 2219 704 2284 vota,
718 2219 820 2282 metus,

209 2283 309 2354 Ultima
321 2305 462 2374 suspensae
474 2232 583 2353 iniitur
596 2290 733 2353 sententia
747 2289 845 2370 turbe,
1013 2304 1062 2354 loo

247 2371 318 2443 Qum
330 2371 507 2433 sacrosancti
520 2370 621 2454 judicis
632 2381 680 2432 ore
692 2379 789 2438 sonet:

213 2450 272 2512 «ln
282 2451 407 2534 requiem
421 2458 449 2511 et
461 2449 569 2513 laudem
580 2451 718 2533 justorum
731 2470 826 2535 perge,
842 2453 961 2524 caterva,

249 2533 273 2592 Α
285 2551 372 2614 regno
386 2547 530 2613 nunquam
543 2530 715 2592 dissocianda
727 2550 802 2604 meo,

210 2609 277 2683 Quae
290 2610 369 2672 vobis
383 2629 486 2710 gnarus
499 2611 589 2672 meriti
602 2611 720 2692 vitaeque
731 2611 832 2670 futurae

250 2690 303 2752 Dat
316 2691 400 2752 modo
410 2695 433 2765 ¹,
447 2689 496 2754 sed
510 2690 615 2752 dudum
629 2691 701 2751 dona
715 2697 807 2772 parata
819 2687 920 2762 Putem
1015 2693 1067 2743 410

209 2771 246 2833 nt
257 2780 303 2845 tu,
315 2769 450 2832 mandatis
464 2791 573 2854 semper
585 2769 717 2832 contrarie
732 2768 844 2850 nostris,

206 2905 210 2910 .
249 2847 338 2934 impia
347 2849 474 2912 tartareis
485 2849 612 2912 claudere
624 2847 635 2890 ⁸³
649 2848 726 2910 turha
741 2847 820 2912 locis.
834 2877 835 2882 ¹

211 2927 270 2992 illic
280 2931 425 2992 stridorem
439 2930 556 2992 dentesl
584 2927 836 2993 etluminalietu'm
872 2955 875 2966 ·

251 3005 369 3093 Ignibus
382 3010 539 3074 immodicis
552 2979 741 3074 discrucianda
752 3009 867 3072 dabunt.
882 3026 897 3070 o

114 3270 118 3276 .
153 3225 159 3256 ¹
178 3223 280 3276 «Ulla»
299 3224 480 3276 scus-euteudu
494 3243 506 3270 ι
518 3223 572 3274 ani·
640 3223 651 3253 ⁸
672 3222 828 3274 «Claudere.
840 3240 852 3266 »
864 3218 1000 3286 Deuxicme
1010 3230 1067 3280 per-

130 3297 190 3338 na.»
205 3314 237 3326 -
258 3287 398 3353 «illine»
419 3285 573 3339 c'est-t-dire
609 3298 686 3335 senne
713 3285 744 3335 de
765 3279 913 3349 l’imptretil
932 3279 1006 3344 passrl
1035 3280 1066 3330 de

130 3351 248 3402 «cuens.
263 3370 275 3394 ι
611 3345 729 3398 colando.
743 3365 755 3390 ι

153 3411 162 3442 ¹
176 3431 189 3460 ι
201 3413 285 3477 Modo,
296 3429 308 3460 ι
321 3412 486 3466 meiutenant.
642 3409 748 3472 ‘Voyea
761 3411 786 3460 s.
804 3407 894 3460 uerte.
914 3417 965 3466 un,
988 3406 1025 3454 tt.
