2506 4030
211 193 243 238 m
564 186 815 238 Ttno‘uuusrnn.
1249 181 1250 214 r

306 289 414 368 Quique
428 288 520 370 ipsum
534 287 698 349 multarum
713 287 861 368 majestate¹
871 283 1049 346 tremendum
1130 297 1172 340 65

344 369 510 449 Exspectant
523 367 620 450 pingui
634 367 761 450 lampade
794 365 955 450 errig'des1,
1053 377 1057 382 ·
1249 357 1250 390 r

303 447 351 510 His
365 446 477 510 sordent
491 454 611 524 terrena,
625 447 720 530 patent
733 386 865 517 coelestia,
882 465 935 506 nec
947 465 977 506 se

341 527 468 618 Captivos
482 547 575 588 servos
587 527 717 610 temporis
731 525 815 608 hujus
829 533 924 606 agunt.

301 605 364 667 Nun
379 607 441 668 rllos
452 607 534 668 fallax
548 607 620 688 cepit
634 605 767 687 sapientia
782 605 890 679 mundi,

343 685 401 748 Nee
415 707 493 748 curas
507 687 612 748 steriles
624 686 765 748 inseruere
778 685 849 768 polis
859 690 881 746 ².

210 783 212 790 ’
304 765 343 826 lm
365 765 421 828 er'ia
435 773 464 828 et
476 767 574 840 fasces,
588 765 691 827 indocti
705 783 821 826 munera
833 763 922 846 vulgi,

343 785 473 927 duasque
486 845 561 907 urbis
574 846 709 907 scelerum
722 844 828 906 semina
841 844 906 906 lecit
919 864 997 926 opes,

304 924 458 995 calcarunt,
474 929 567 986 sancti
581 926 682 987 coelum
697 923 847 986 ambitione
861 933 1000 1005 petentes,¹

343 1002 487 1086 Suffragiis
502 1005 613 1078 Christi,
628 1013 656 1066 et
669 1003 809 1088 plausibus
823 1003 967 1084 angelicis.
1036 1081 1039 1086 Ι

302 1082 360 1146 Nec
373 1084 450 1146 labor
463 1084 515 1148 bus
530 1086 615 1147 durus
629 1085 790 1162 cincinnus
803 1081 900 1144 blande
914 1083 1048 1164 uoluptas.
1127 1091 1168 1138 ⁷⁵

343 1163 471 1234 Quaerere
485 1165 524 1226 nil
538 1165 661 1246 cupiunt,
678 1164 792 1246 perdere
804 1161 843 1224 nil
855 1171 993 1227 metuunt.
1249 1201 1250 1250 r

185 1287 211 1317 ς,
303 1243 351 1307 llle
365 1243 439 1306 Deus
454 1263 557 1316 rerum,
575 1243 638 1306 eceli
652 1251 916 1326 terraequecreator,
992 1247 1034 1294 .'

344 1323 387 1386 nu
401 1330 511 1405 propter
525 1329 600 1386 sacru
611 1323 725 1404 Virgine
739 1330 821 1386 natus
835 1323 921 1384 home
933 1325 995 1386 est.'
1025 1351 1042 1371 ¹-

221 1407 222 1412 ’
301 1402 408 1482 Flagris
421 1402 514 1474 dorsa,
527 1402 612 1494 alapis
624 1402 760 1480 maxillas,
774 1421 821 1463 ora
833 1401 926 1463 salivis

341 1481 471 1564 Praebuit,
486 1490 513 1542 et
525 1481 574 1564 sagr
587 1501 617 1544 se
630 1501 710 1544 cruce
722 1501 780 1542 non
793 1481 894 1542 renuit.
1021 1511 1022 1514 ¹
1041 1511 1043 1520 ν
1126 1493 1165 1536 ⁸0

302 1561 365 1623 Non
377 1575 407 1624 ut
421 1567 494 1622 tanta
511 1561 568 1622 lleo
582 1561 734 1644 quidquam
746 1561 877 1642 patientia
891 1560 986 1636 lerret,

212 1695 215 1706 1
343 1640 429 1722 Cujus
442 1660 494 1701 nee
509 1648 647 1716 crescunt,
661 1660 714 1702 nee
727 1641 892 1702 minuuntur
906 1659 972 1722 upas
987 1661 993 1698 :

190 1713 234 1726 '⁴
303 1718 370 1792 Sed,
384 1719 458 1802 quud
471 1719 528 1780 erat
540 1720 664 1782 vitiatum
679 1720 709 1780 in
722 1739 778 1791 me,
792 1726 823 1780 ut
835 1728 974 1804 superaret
987 1719 1016 1779 in
1027 1717 1075 1780 illc
1085 1720 1108 1792 ⁸,

341 1801 442 1861 Faetus
457 1817 519 1861 surn
534 1797 635 1862 Christi
649 1800 783 1882 corporis,
796 1798 845 1860 ille
859 1799 924 1860 mei.
1249 1825 1250 1866 r

301 1879 346 1942 llle
360 1879 445 1962 gessit
459 1879 590 1953 moriens,
606 1899 652 1940 me
664 1879 736 1940 vieta
750 1886 838 1940 morte
850 1897 1008 1960 resurgens,
1125 1891 1162 1934 ss
1249 1869 1250 1904 ³

341 1961 375 2022 Et
390 1979 485 2022 seeum
500 1959 534 2020 ad
546 1957 654 2021 Patrem
668 1979 713 2020 me
726 1977 810 2040 super
821 1965 893 2018 astra
904 1958 976 2018 tulit.

302 2039 441 2112 Quidnam
455 2040 463 2100 i
485 2040 539 2100 itur
553 2043 628 2100 tantd
640 2058 688 2120 pro
700 2057 748 2120 spe
760 2037 878 2098 tolerare
891 2038 1037 2098 recusem?

341 2121 399 2179 Aut
411 2061 483 2200 quid
491 2119 555 2188 erit,
568 2123 642 2199 quod
656 2137 701 2177 me
714 2125 821 2198 separet
834 2135 849 2176 a
861 2116 980 2177 Domino
992 2117 1024 2175 ⁸?

303 2198 400 2278 lgnem
415 2196 526 2270 adhibe,
541 2195 641 2258 rimare
655 2216 739 2257 manu
752 2215 814 2256 mea
827 2195 942 2270 viscera,
956 2202 1062 2258 turtur:

343 2275 589 2358 Effugientpoenas
604 2275 727 2336 membra
741 2275 914 2339 salutatuas.
1124 2285 1161 2330 ⁹0

304 2353 417 2418 Carcere
431 2355 454 2416 si
470 2374 543 2416 caeco
557 2353 679 2426 claudar,
693 2363 841 2436 nectarque
856 2354 970 2428 eatenis,
1020 2415 1022 2418 .

342 2433 425 2496 Liber
437 2435 465 2494 in
481 2453 595 2495 excessu
610 2434 714 2495 mentis
725 2435 808 2495 adibo
821 2433 921 2496 [lcum.

302 2513 334 2574 Si
349 2529 481 2575 mucmne
496 2522 574 2596 paret
585 2514 721 2575 cervicem
733 2513 893 2576 abscindere
905 2513 996 2586 lictor,

330 2592 516 2676 impavidum
530 2593 656 2654 inveniet
668 2617 676 2654 ε
690 2613 764 2654 mors
778 2594 841 2666 elta,
855 2613 938 2677 poena
952 2593 1053 2654 brevis.

301 2671 363 2734 Nun
373 2683 467 2736 metuo
476 2673 599 2746 exilium,
611 2673 732 2734 muudus
741 2673 840 2735 dumus
849 2673 980 2734 omnibus
989 2692 1043 2733 una
1052 2681 1106 2734 est.
1124 2681 1160 2728 95

235 2791 237 2797 ·
342 2751 450 2833 Sperne
463 2754 575 2826 samem,
589 2753 700 2815 Domini
714 2752 746 2813 fu
758 2753 826 2813 mibi
840 2772 931 2814 sermo
946 2751 1036 2813 cibus.

302 2829 360 2892 Nec
374 2838 468 2896 tamen
482 2835 533 2895 ista
546 2832 615 2894 mibi
629 2833 663 2895 de
677 2850 722 2895 me
737 2832 837 2894 fiducia
851 2831 948 2913 surgit,

1249 2965 1250 3000 l

1249 3161 1250 3196 l

239 3065 247 3096 ¹
265 3081 279 3113 u
305 3066 394 3128 Pingui
418 3065 535 3130 lampade
557 3071 663 3132 perrlgt-
692 3063 1156 3128 sttrllestl’etudedeapbe'ncmdnes
1249 3055 1250 3078 *

206 3127 278 3178 les.»
297 3127 434 3178 Altustona
447 3128 470 3178 la
489 3130 606 3192 parabule
618 3133 662 3180 des
692 3129 803 3180 celestes.

206 3190 662 3254 dlxviergea5ruyeasainttlatrhieu,
725 3191 769 3237 ⁵«
796 3191 829 3240 ln
852 3190 938 3240 illu.»
972 3187 1160 3239 Snus-entendu
1249 3207 1250 3232 r

206 3253 249 3302 ch.
261 3265 320 3302 xxv.
332 3253 378 3302 bes
394 3257 486 3315 merges
504 3252 575 3303 telles
594 3256 665 3303 n’unr
696 3252 851 3314 usuppllcte.
869 3267 883 3298 u

207 3314 492 3377 pasd'butledenslenr
508 3315 664 3378 lampelcrr·
726 3313 737 3344 ⁴
755 3314 1012 3376 Lepceteemprunte
1023 3314 1088 3361 cette
1098 3323 1160 3373 pen·

207 3389 257 3436 uua
285 3377 355 3428 rtent
377 3375 492 3442 luponi,
515 3376 664 3426 cest-adire
695 3375 843 3424 resarciat
859 3374 1092 3434 rerumrerum
1110 3371 1161 3421 Rc-

208 3438 384 3490 ltsustrtst.
695 3437 788 3494 maius,
801 3436 843 3484 eh.
857 3449 893 3493 rx,
904 3448 929 3486 r.
942 3439 990 3485 ³5:
1005 3449 1019 3480 u
1030 3434 1093 3495 Quis
1105 3443 1161 3494 ergo

241 3500 285 3548 ’u
306 3501 354 3551 Nec
375 3514 479 3552 curas...
500 3499 571 3564 pulis.
595 3514 609 3545 n
631 3497 665 3546 lls
696 3495 1162 3558 nosseparubltacharltaterrtstt?

209 3562 280 3612 u'cut
302 3565 371 3626 point
391 3563 504 3616 conracti
521 3563 564 3614 dee
579 3559 665 3610 reillee
697 3557 846 3608 tribulatio?
860 3570 892 3606 an
905 3558 1047 3620 angustia?
1068 3569 1100 3605 an
1121 3555 1164 3606 te-
