2518 4042
408 160 499 212 §MNT
515 163 763 214 BONAVENTURE.
1017 165 1067 218 639

297 256 388 328 Quum
403 267 429 320 te
441 260 511 340 patri
524 260 665 322 victimam
679 271 802 326 sanctam
814 263 937 326 obtulisti

296 338 331 400 Et
344 338 373 399 in
386 346 434 400 tuo
448 340 583 422 sauguine
595 343 734 404 sordida-m
748 344 848 404 lavisti.
997 355 999 360 '

293 497 362 570 Quis
377 499 493 560 miretur
503 501 586 580 igitur
602 521 650 583 pre
665 511 692 564 te
707 504 729 563 si
744 506 862 586 suspiro,

295 577 395 640 taneta
408 580 468 640 siue
483 580 588 641 meritis
604 593 659 642 tam
673 583 770 644 zelanti
785 586 863 645 vim?

292 658 367 728 ..Nam
379 659 508 723 affectum
522 661 608 722 alitis¹
625 681 720 725 meum
733 665 816 728 medo
828 665 911 739 miro,

294 738 349 800 Pro
360 759 406 800 me
420 739 504 800 vitam
518 739 618 804 finiens
632 743 706 804 exitu
720 751 775 804 tam
788 745 859 806 dire.

296 897 365 961 Vere
373 899 431 978 jam
445 920 502 961 non
514 900 601 963 debeo
616 910 724 965 tantum
739 904 889 986 suspirare,

253 1049 256 1056 ι
295 979 355 1039 lmo
365 981 443 1060 juxta
458 980 573 1041 verbum
586 981 650 1058 tob,
665 983 754 1044 crines
768 983 899 1058 lacerare,

296 1057 327 1118 ln
340 1064 455 1122 caverna
467 1060 560 1122 lateris
573 1061 701 1123 nidulum
714 1083 818 1144 parare,

294 1137 330 1200 Et
343 1147 497 1203 extremum
511 1141 641 1220 spiritum
656 1141 712 1203 illie
727 1143 866 1208 exhalare.

296 1297 391 1371 Planta,
408 1299 463 1361 nisi
475 1300 575 1362 moriar
584 1307 759 1374 teeum‚u0n
773 1303 924 1384 quieseam,

296 1378 356 1450 Oei,
372 1381 414 1441 oei
428 1381 571 1441 clamitans
584 1401 728 1463 nunquam
742 1383 936 1458 eoutieeseam,

277 1459 335 1520 'Ab
349 1459 403 1520 hoe
417 1459 550 1522 desiderio
561 1462 627 1522 uere
641 1482 697 1522 uon
712 1469 861 1544 tepescam,

295 1537 572 1622 Quantumcumque²
584 1543 686 1604 saecuto
700 1549 810 1624 propter
823 1543 877 1604 boe
890 1543 1034 1604 vilescam.
1052 1564 1067 1601 r

296 1697 382 1770 Tune,
400 1708 431 1762 ut
444 1699 559 1762 demens
574 1701 695 1762 clamitat
711 1723 718 1760 :
733 1700 877 1762 «Veniant
890 1701 1010 1778 lanistas,
1084 1697 1096 1716 ‘

296 1777 349 1850 Qui
364 1780 478 1854 affigant
491 1781 620 1841 miseram
634 1781 708 1842 uruei
721 1788 786 1850 tuae.
804 1781 928 1860 Christe3

295 1859 354 1920 Erit
368 1861 445 1921 euim
459 1861 550 1922 exitus
561 1860 631 1921 mihi
646 1861 734 1922 duleis
745 1862 811 1938 iste,

296 1937 344 2000 Sic
357 1940 507 2024 amplector
520 1941 640 2002 moriens
654 1940 771 2024 propriis
787 1939 862 2001 uluis
876 1947 916 2002 te.

298 2097 368 2160 Vere
382 2099 421 2160 sie
434 2118 492 2160 nou
504 2099 583 2160 aliter
591 2099 685 2162 rabies
698 2099 811 2170 doloris,

295 2177 357 2249 'Qua
370 2199 418 2239 eor
431 2199 525 2240 meum
539 2180 655 2260 siugulis
669 2180 821 2241 terebratur
835 2179 923 2252 herm,

300 2258 413 2320 Detiuiri
427 2260 536 2341 poterit,
553 2260 661 2335 uisite,
678 2260 799 2321 dulcoris

298 2338 543 2413 haesitandum,
560 2339 683 2402 medieas
695 2341 753 2402 mei
767 2340 806 2402 sis
820 2340 933 2404 doloris.

299 2499 383 2561 Plane
395 2499 482 2562 duleis
497 2500 620 2562 medicus
634 2521 674 2572 es,
692 2501 738 2582 qui
752 2521 897 2582 uunquam
911 2500 1022 2583 pungis

300 2580 356 2642 Sed
372 2580 481 2641 acorde
495 2581 592 2641 vitium
606 2580 705 2640 leuiter
722 2582 869 2662 emungis;

300 2660 369 2721 Nam
382 2681 453 2740 quus
462 2659 511 2720 tibi
521 2660 636 2720 tirmiter
648 2680 696 2740 per
710 2678 833 2720 amorem
845 2660 953 2740 jungim

299 2739 369 2802 Tuis
383 2740 594 2828 charismatibus
608 2759 717 2821 semper
731 2761 778 2802 ees
793 2741 886 2820 ungis.

299 2899 374 2962 Heu!
390 2903 473 2982 qu'am
484 2899 675 2961 damnabiliter
688 2899 809 2962 muudus
823 2907 863 2960 est
878 2906 1007 2974 emeatus,

296 2979 361 3051 Qui,
377 3001 464 3062 qrrum
478 2981 514 3041 sit
527 2981 561 3040 ab
575 2979 700 3040 hostibus
715 2979 773 3040 dire
785 2980 954 3052 vulneratus,

301 3060 380 3127 Hune
393 3061 527 3122 deeliuat³
543 3060 692 3131 medicum,
707 3080 794 3140 riuum
809 3060 881 3120 adsit
896 3069 1072 3142 preparatus,

299 3140 443 3222 Languida
455 3141 582 3223 aperiens
596 3160 678 3202 suum
694 3140 774 3201 dulee
794 3141 883 3201 latus!

159 3365 166 3394 ¹
185 3362 315 3412 «Alitis»
333 3375 398 3424 pour
417 3381 428 3408 a
452 3362 507 3418 alis,
528 3361 587 3410 »du
615 3365 718 3424 propter
739 3360 788 3407 hoe
799 3357 939 3430 ulmeam,
976 3366 1042 3420 ete,
1067 3379 1078 3404 ι

123 3425 200 3487 verbe
222 3425 303 3512 eblo,
319 3425 401 3514 bbere·
422 3441 435 3471 u
457 3424 587 3487 lepluriel
612 3423 715 3487 jusqu'a
743 3435 771 3471 ee
802 3434 906 3532 quarab?
936 3435 1024 3482 meare
1048 3435 1079 3472 au

123 3488 221 3596 pognia
232 3487 472 3611 bibbibebcumque
500 3548 592 3598 saeeulo
618 3484 828 3609 ωὲῃῗθῦἓὲὶῖῗιὲιῗ
841 3519 937 3606 „Evam
949 3545 1008 3597 tuit.
