2542 4038
192 221 238 270 sco
494 199 894 270 ausuuusuurssvrcroa.

193 314 493 382 lledicinachristiaua‚
702 317 767 374 Post
778 316 848 372 hauc
861 317 955 386 vitam,
969 329 1043 372 serm
1055 317 1124 374 lucia

192 386 271 443 Salva
282 403 370 459 sanos,
385 404 470 460 agros
483 403 556 445 sana.
739 388 865 445 Transfer
880 388 914 443 ad
928 387 1027 462 palatia
1042 405 1049 442 :

193 456 271 523 Quod
285 473 339 514 uon
354 460 423 515 valet
435 459 476 514 vis
490 458 608 516 humana

229 528 273 584 Fit
284 529 312 584 iu
323 537 369 587 tuo
382 529 501 587 nomine.
703 542 780 666 θυοδ
797 545 932 595 tormento
945 539 984 596 vis
997 537 1100 596 servire
1111 539 1136 609 ²,

727 626 758 666 ac
772 616 906 666 tormenta
918 625 973 666 non
990 612 1109 683 sentire3

193 678 356 737 desistentes
368 681 378 719 ¹
391 679 486 737 Crucis
500 681 583 749 laudi,
704 681 758 738 Sed
771 696 854 753 quum
869 681 993 738 disserit
1006 683 1055 739 irae
1064 679 1089 752 ³,

194 749 372 807 Consecratur
383 751 489 822 Crucis,
505 752 580 825 audi3
705 751 805 808 Conler
818 751 897 808 nobis
909 759 936 809 et
948 753 1049 835 largire

194 824 280 894 Atque
293 837 385 879 servos
397 828 454 880 tuae
468 824 558 880 crucis
740 823 910 894 sempiterna
921 825 1026 896 gaudia.

392 1015 491 1066 xvuu.
507 1016 553 1063 ne
569 991 684 1064 metb
700 1015 832 1064 scanne
846 1016 1004 1078 Baptista.

197 1157 258 1214 Adi
273 1154 403 1214 honorem
419 1167 509 1231 luunt,
522 1160 645 1232 Christe,
807 1158 900 1216 Puer6
915 1159 1044 1228 nascitur,

233 1227 344 1284 Recolat
357 1230 478 1288 Ecclesia
707 1231 790 1287 Novae
804 1230 885 1303 legis,
901 1231 964 1286 novi
976 1231 1050 1313 regis

197 1299 377 1356 Praecursoris
388 1307 419 1358 et
431 1301 557 1374 Baptistae
744 1305 846 1372 Praecc,
861 1300 1070 1376 tuba,sigmlcr.

233 1369 285 1425 Tui
298 1371 426 1430 natalitia.
777 1369 859 1428 Vox⁷
875 1373 954 1445 praeit
966 1373 1093 1440 verbum,

707 1443 911 1516 Parauymphus
922 1444 1014 1514 sponsi
1025 1459 1168 1515 sponsum,

197 1520 266 1576 Laus
279 1526 321 1576 est
335 1523 406 1594 regis
415 1523 439 1587 ⁵,
453 1523 481 1578 iu
495 1523 631 1595 praeconis
743 1513 813 1572 Solis
828 1521 918 1570 ortum
931 1513 1038 1571 lucifer·

235 1591 321 1662 lpsius
336 1593 484 1662 praeconio,

200 1661 286 1730 Quem
302 1662 429 1720 virtutum
444 1665 510 1720 ditat
525 1664 614 1734 donis,
707 1664 795 1721 Verbo
806 1665 819 1702 ⁸
829 1672 925 1734 mater,
939 1666 1041 1737 scripto
1054 1673 1132 1738 pater

234 1731 365 1790 sublimat
376 1735 475 1792 cilicio.
744 1738 847 1792 Nomen
861 1737 917 1793 edit
929 1739 1050 1809 parvulo,

707 1808 741 1864 ut
755 1809 838 1864 soluta
852 1809 942 1880 lingna
955 1815 1028 1864 nruta

202 1884 378 1941 Promittente
393 1885 516 1944 Gabriele
743 1879 828 1935 Pssllls
841 1891 880 1935 08¹
893 1896 907 1935 ³
921 1879 1041 1935 vmedlo·

235 1955 343 2011 seniori
356 1957 452 2026 lilium,

200 2025 351 2096 llaesitavit,
365 2033 392 2083 et
406 2027 519 2100 loquelae
708 2030 754 2084 Est
767 2029 870 2086 coelesti
883 2029 1060 2102 praesignatus

236 2096 355 2153 Perdidit
369 2097 499 2157 osticium.
742 2100 860 2156 loannes
874 2102 993 2169 oraculo,

236 2341 243 2368 ¹
256 2337 302 2386 Les
323 2336 390 2386 deux
406 2335 534 2386 dernieres
544 2331 659 2394 strophes
686 2331 795 2394 quieme,
806 2333 1146 2397 sixieme.omiemeetqua·

201 2404 247 2449 out
265 2399 288 2448 le
307 2397 391 2448 meme
417 2397 538 2460 rhythme
554 2407 603 2457 que
625 2394 661 2444 les
686 2394 806 2445 torzieme
839 2395 940 2458 strophe
968 2402 1013 2446 out
1042 2395 1066 2444 lc
1096 2395 1147 2445 mb-

203 2461 269 2510 deux
290 2459 419 2511 dernieres
437 2459 468 2508 de
495 2457 562 2507 last
581 2469 659 2506 uence
687 2469 729 2505 me
738 2457 770 2506 rh
788 2458 859 2506 thma
867 2457 960 2520 queles
968 2457 1036 2507 deux
1045 2457 1147 2508 dernie-

201 2525 284 2584 lyme
302 2527 373 2572 vetus
398 2527 561 2584 ecpurpetur.
591 2531 659 2582 oyen,
688 2471 1148 2590 resdebaproselierimunduseoeulae

203 2585 661 2703 Ρᾶξθιᾜὲιῖἒὲΐῐέἒεννίτε,υέῑνθίεε
689 2580 1088 2706 ‘affilibffl’npfgsbffgbrfilsotoe
1102 2587 1126 2632 δ’

202 2708 339 2758 serviteurs
356 2708 386 2758 de
400 2714 443 2759 ton
461 2708 614 2757 instrument
630 2705 661 2755 de
720 2703 818 2754 lCette
834 2705 936 2777 strophe
960 2705 1090 2757 reulerme
1110 2708 1148 2759 six

122 2834 128 2842 ¹
203 2776 310 2828 torture.
322 2771 352 2820 de
366 2770 390 2819 la
399 2771 479 2820 croix.
690 2777 755 2815 vers.
769 2768 800 2816 Le
813 2779 924 2830 premier
935 2773 961 2818 et
972 2767 1148 2830 lequatriemc

235 2835 246 2864 ³
261 2833 342 2882 «Dies
355 2831 407 2890 irae,
420 2851 431 2876 a
442 2833 466 2881 le
475 2832 535 2894 jour
544 2830 579 2879 du
587 2829 660 2892 juge·
689 2828 800 2890 ontciuq
819 2830 934 2892 spilabes.
945 2829 968 2878 le
978 2830 1115 2883 deuxieme
1124 2840 1149 2883 et

203 2900 275 2946 ment
285 2894 397 2955 dernier,
407 2894 471 2943 ainsi
482 2893 569 2956 appele
577 2904 622 2955 par
635 2890 657 2940 le
689 2888 712 2937 le
723 2889 865 2962 cinqnieme
877 2898 921 2942 ont
930 2891 986 2941 huit
999 2892 1117 2958 syllabes,
1126 2895 1148 2945 le

203 2956 325 3021 prophete
346 2955 377 3003 So
396 2955 480 3012 houie.
494 2955 535 3004 ch.
555 2967 571 3011 r,
585 2968 609 3008 y,
622 2957 660 3016 ti,
689 2955 818 3004 troisreme
840 2960 865 3003 ct
885 2955 908 3003 le
926 2953 1031 3003 sirieme
1049 2967 1083 3005 en
1103 2963 1149 3008 out

205 3023 233 3068 l5
252 3033 259 3060 =
281 3017 358 3066 svor
371 2969 420 3065 bea
440 3016 541 3066 Domini
562 3028 659 3087 amara,
689 3020 751 3088 sept.
772 3014 818 3085 (les
837 3015 902 3065 deux
923 3015 1039 3066 derniers
1058 3024 1104 3068 ont
1125 3017 1150 3068 le

203 3079 367 3131 tribulabitur
379 3077 414 3128 ihi
427 3078 508 3127 tortis.
534 3079 592 3126 Dies
602 3091 659 3135 πω,
710 3075 847 3126 anulareme
863 3078 950 3139 breve,
962 3083 989 3127 et
1007 3086 1064 3129 sont
1081 3080 1149 3132 seuls

202 3143 256 3192 dies
266 3141 325 3204 illo,
337 3140 390 3190 dics
401 3139 660 3210 tribulationiset'an-
689 3088 736 3185 fies
753 3151 798 3200 par
814 3138 839 3186 la
850 3139 924 3189 rime.
1038 3202 1043 3212 ι

203 3205 300 3268 gustiae,
313 3203 366 3253 dies
377 3201 527 3252 calamitatis
541 3208 567 3251 et
582 3214 661 3250 mise·
721 3199 731 3230 ⁷
746 3218 757 3243 α
770 3199 834 3249 Vox.
846 3217 859 3247 n
871 3203 941 3253 Saiut
953 3202 1088 3264 blattnreu,
1101 3205 1145 3255 ch.

203 3266 257 3328 rim,
268 3266 321 3315 dies
330 3266 492 3314 tenebrarum
502 3262 660 3325 etcaliginis,
688 3277 727 3325 nr,
737 3275 761 3309 v,
777 3263 810 3312 3:
825 3279 838 3310 α
848 3265 894 3312 llic
904 3265 1030 3327 estonim,
1058 3265 1084 3314 ui
1096 3266 1148 3316 dic·

202 3323 660 3383 diesnehulaeetturhinis,diestubae
688 3331 729 3375 tus
748 3330 785 3375 est
801 3339 847 3387 per
872 3327 963 3375 isaiam
986 3339 1044 3389 prop
1070 3334 1148 3393 etam,

204 3396 230 3439 et
240 3389 296 3439 clan
314 3389 375 3451 oris,
395 3395 442 3439 etc.
454 3403 469 3436 n
480 3389 542 3446 Quat
554 3394 660 3445 accent,
688 3387 815 3437 dicentem
828 3401 834 3435 :
849 3389 902 3437 Voa
915 3387 1049 3438 clamantis
1067 3389 1095 3438 in
1107 3390 1150 3440 de·

222 3451 288 3502 uelle
298 3404 375 3514 brea,
388 3450 555 3512 l’inspiration
574 3448 660 3499 divine
688 3456 772 3501 serto:
785 3451 872 3520 l’arate
883 3449 951 3499 viam
962 3449 1064 3500 Domini
1078 3466 1084 3500 :
1096 3465 1150 3504 rere

204 3465 287 3564 aenne
294 3526 326 3564 au
336 3514 393 3578 plus
401 3513 508 3578 petitdes
518 3512 660 3577 prophdtes!
689 3519 727 3563 tas
743 3509 817 3561 laerte
834 3512 936 3562 semitas
947 3512 1040 3621 vus.»

239 3575 249 3606 ⁴
264 3577 308 3625 Les
318 3577 380 3626 trois
397 3577 543 3640 premieres,
557 3575 593 3624 les
604 3573 661 3624 cin·
721 3576 732 3604 ⁸
743 3573 859 3636 «Verbo,
872 3580 936 3624 etc·
970 3587 1030 3636 oyen
1042 3574 1149 3626 l'hran·
