2582 4028
188 142 234 192 rit
467 139 585 192 PAULIN
601 139 642 192 DE
658 83 851 222 ptumorum

285 238 355 311 Ouid
367 259 424 302 non
437 239 507 302 livor
518 241 599 323 agat!
616 239 711 304 Prodit
725 225 812 320 nater,
829 233 958 321 annaque
972 242 1038 300 nato

286 319 398 400 Ingerit.
409 319 471 382 Heu
482 325 489 384 Ε
502 319 668 403 tanti‘pietas
677 320 759 382 oblita
774 320 885 401 pericli!
1104 333 1143 378 oo

285 397 358 470 Quin
374 401 475 482 potiris,
486 400 510 461 si
521 419 604 482 quem
620 399 717 480 recipit
728 413 808 462 mens
818 416 900 460 saxea
911 417 1035 470 sensum,

203 548 209 567 ‚
285 477 373 542 Cerne
388 480 435 562 pio
445 482 557 542 tautum
568 499 630 561 quae
644 479 761 558 gesserit
773 480 866 540 omnia
879 485 963 539 voto:

287 556 319 618 Si
329 558 487 632 bona'sunt,
504 560 612 621 imitare
625 558 728 620 libens:
740 559 784 620 sin
796 559 894 632 ardun·
906 555 1005 639 gaude.
1028 579 1032 588 ·

286 636 412 704 Vincitur
425 639 525 702 Christi
540 638 619 699 mites
632 657 681 719 pro
687 638 774 700 milito
783 639 856 699 saecli
869 643 878 678 ¹

287 717 344 779 Sed
355 737 433 782 mens
442 737 498 780 noo
511 717 642 794 trahitur,
654 733 707 778 uec
716 737 764 779 cur
777 737 842 780 cum
856 732 938 779 came
948 715 1057 798 ligatur.
1106 729 1141 774 3⁵

287 795 362 859 Vana
373 797 493 862 tirocinii
503 805 569 858 cunt
579 797 713 858 uomina:
730 795 831 858 militat
841 797 909 858 olim
1020 832 1023 836 -

207 907 211 913 -
286 875 338 948 Qui
353 884 448 956 captus
458 875 561 957 proprii
573 894 619 956 per
633 875 754 955 plurime
766 876 860 954 praelia
881 876 955 958 regis
967 879 992 952 ²,

286 954 358 1016 Vicit
369 954 509 1016 avaritiam
522 953 722 1036 debellavitquc
735 955 882 1036 superbam

287 1034 451 1098 omnnem:
465 1041 602 1116 prostrata
611 1035 684 1114 jacet
695 1035 753 1115 jum
767 1033 870 1095 viribus
882 1033 967 1114 hujus

286 1113 418 1188 Ambitio,
432 1122 460 1182 et
471 1113 582 1175 firmam
593 1112 665 1194 fugit
676 1113 752 1176 suros
763 1114 860 1193 iraque
871 1121 1020 1184 mentem,'
1111 1125 1147 1172 oo

292 1192 489 1276 Excedensqoe
502 1191 968 1276 omnesfunestasuperbiaculpas.
1003 1201 1004 1208 ’

329 1351 421 1412 Unum
433 1369 482 1432 pro
512 1425 513 1430 γ
526 1369 594 1411 ¹ssus
604 1349 712 1410 socium
720 1349 773 1410 sihi
784 1350 830 1410 rix
842 1349 909 1409 nuit
922 1349 963 1409 ire
1012 1353 1014 1360 “

289 1429 351 1490 Non
361 1447 471 1510 operea
492 1429 627 1499 strictim,
642 1428 690 1488 sed
702 1427 793 1489 sotum
811 1429 925 1488 nomine
936 1443 1059 1488 serrum.

289 1507 397 1570 oretis
412 1511 435 1583 ³,
448 1505 493 1568 cui
507 1507 561 1570 tute
569 1505 670 1588 jugum
682 1513 737 1566 tam
749 1513 824 1585 grata
836 1505 942 1585 paravit
990 1534 995 1544 »
1026 1521 1029 1528 ’

288 1583 427 1657 Condicio.
442 1585 518 1648 utde
531 1591 605 1646 sorte
615 1587 662 1644 tua
674 1583 842 1646 contendere
853 1591 945 1644 tecum
1113 1599 1150 1644 45

288 1663 428 1728 Nobilium
438 1663 546 1746 possint
563 1663 695 1728 certantia
707 1669 768 1726 rota
779 1662 917 1724 urorum!

288 1743 358 1806 Nam
369 1744 418 1806 tibi
432 1742 547 1826 subjecti
561 1743 645 1806 servit
658 1742 765 1805 devotio
774 1742 877 1804 sancti:
918 1798 921 1807 .

290 1824 366 1885 ldem
377 1823 498 1896 habitus,
514 1843 604 1906 parcae
616 1821 773 1885 communis
786 1823 863 1904 copie
876 1839 988 1883 mensae.

291 1903 342 1966 Hic
368 1905 426 1968 'rior
439 1904 589 1996 obsequiis,
600 1923 637 1966 ne
652 1905 748 1966 saltem
759 1907 769 1941 ⁸
779 1921 893 1964 noscere
905 1903 990 1983 possit

291 1925 798 2066 Praessmmdomiooquaenssotertia
813 1997 934 2044 seruum.
1111 1998 1147 2042 eo

332 2163 402 2225 Huic
408 2163 466 2244 jam
481 2161 667 2244 comparibus
681 2177 742 2242 quae
752 2157 850 2241 gratia,
863 2161 1001 2244 qutmque
1010 2157 1137 2220 modeste

288 2241 303 2302 -l
323 2261 368 2302 sos
382 2240 541 2302 subdiderit
556 2240 667 2302 dilectio
682 2257 745 2299 vcra
759 2237 901 2320 prioresrt
968 2283 971 2290 .

291 2259 363 2380 ipum
377 2319 576 2380 sumendorum
590 2316 722 2378 districtio
735 2313 836 2397 qtianta
850 2317 975 2380 ciborum
987 2321 1022 2398 ⁰,'

292 2398 333 2460 Ne
345 2397 465 2459 distenta
477 2397 564 2458 citurn
574 2395 702 2456 vitiarunt
714 2395 818 2457 viscera
829 2414 952 2470 sensum,

292 2477 494 2568 Necpremeret
506 2476 617 2557 vigilem
632 2473 819 2536 memhromm
831 2476 936 2538 sarcina
953 2484 1089 2550 montem,
1112 2493 1146 2540 us

292 2556 328 2618 Ut
337 2556 422 2616 divisa
436 2559 447 2593 ⁷
460 2553 536 2637 inopi
550 2550 684 2636 praeheret
695 2575 727 2615 co
747 2555 772 2614 ia
786 2563 904 2637 partem,

216 2689 220 2698 ,
293 2636 417 2719 Quoquo
426 2652 514 2696 unum
522 2633 663 2708 obrueret,
680 2573 781 2696 mefius
794 2633 931 2700 refoveret
942 2643 1103 2722 utrumque.

232 2871 241 2901 ¹
257 2869 409 2934 «Vincitur,
422 2888 435 2914 ι
446 2868 659 2921 ostenchotnt.-
688 2871 775 2922 habile
784 2884 849 2945 pour
858 2871 1001 2939 distinguer
1010 2871 1045 2924 do
1053 2872 1147 2925 mature

203 2928 659 3003 «Promilitosaecli,»pour(devenir)
688 2933 712 2983 lc
728 2936 907 2998 serviteurqui
925 2944 963 2987 est
975 2936 1023 2986 mis
1041 2948 1074 2986 au
1091 2935 1147 2985 des

202 3007 237 3044 un
249 2993 329 3044 soldat
340 2992 375 3043 du
388 2995 472 3044 siecle.
688 3009 733 3046 sus
745 2997 781 3048 du
790 2998 892 3047 mettre.
1060 3009 1067 3022 ·

232 3056 244 3086 ¹
257 3074 269 3100 ι
281 3055 373 3118 motus
389 3067 434 3118 per
451 3053 563 3120 plurima
572 3054 661 3120 praelie
720 3058 756 3102 ⁸«
769 3057 880 3120 Priores,
890 3077 902 3104 ι
913 3058 1066 3122 superieurs¹
1129 3083 1134 3102 a

202 3117 432 3230 {truttam
452 3115 568 3227 tttttt
588 3130 661 3228 ”tt
688 3117 1146 3231 attttt⁰t⁰³¹³⁰¹⁴¹¹ffl’'⁵⁰¹‘⁶⁶*⁶

204 3241 379 3312 tecm-Christ.
420 3191 451 3242 po
569 3193 611 3242 ’p
721 3241 755 3311 ’,ι
776 3241 808 3292 Ut
844 3244 905 3294 ivise
929 3243 999 3308 inopi
1021 3244 1147 3308 preberet
1179 3237 1187 3254 ⁸

236 3300 567 3368 aarenxsuouscntenou
581 3319 592 3346 a
606 3313 659 3351 sor·
688 3313 759 3363 copia
779 3309 887 3364 partem,
909 3311 992 3367 etc.,·»
1014 3319 1047 3356 eu
1078 3314 1147 3358 surm

204 3364 296 3427 cusis).
620 3375 622 3379 ·
687 3363 761 3425 qu’en
782 3371 931 3436 partageant
948 3379 976 3419 sa
999 3374 1055 3429 part
1075 3365 1146 3432 d'uli-

236 3427 247 3458 ⁴
260 3427 319 3478 «Ne
330 3424 429 3489 saltem,
445 3431 527 3488 θυεμ
548 3435 579 3472 en
593 3428 660 3472 sorte
688 3429 771 3471 ments
786 3425 804 3473 it
814 3439 844 3475 en
858 3427 942 3478 ottrait
953 3427 1099 3480 lamentet
1111 3443 1146 3480 un
1164 3466 1168 3474 .

204 3483 660 3553 quopersonnenesauraitttreassez
689 3495 792 3550 pauore.
