2562 4028
174 125 220 174 244
453 121 570 174 PAUblN
586 121 628 172 DE
643 65 836 201 abdicatura.

188 225 203 230 ”
272 221 342 294 Quid
354 241 411 286 non
423 221 493 284 livor
504 223 585 304 agat!
601 219 698 284 Prodit
711 227 798 298 pater,
814 236 945 300 armaque
958 222 1026 279 nato

273 302 385 384 ingerit.
396 301 475 364 Heu!
489 301 556 362 tanti
565 299 653 383 pietas
662 299 745 360 oblita
759 299 871 381 pericli!

271 381 345 452 Quin
360 383 461 464 potiris,
472 381 495 441 si
507 399 590 462 quem
606 379 703 459 recipit
713 398 794 440 mans
802 395 885 439 screa
897 395 1023 448 sensum,

272 459 360 524 Come
375 461 421 543 pio
431 462 540 522 tantum
553 478 615 541 quae
629 459 747 538 gesserit
759 458 851 519 omnia
865 463 949 518 roto:

190 531 196 551 '
274 539 306 602 Si
316 540 387 606 bona
398 546 473 611 tunt
489 540 598 600 imitare
610 537 714 599 libens:
726 537 769 598 sin
782 537 877 610 ardua,
891 534 992 618 gaude.
1016 559 1019 566 ·

273 618 397 685 Vincitur
410 619 512 682 Christi
526 617 605 680 miloe
618 617 759 698 promitito
768 617 864 677 sncli¹
1015 641 1017 646 ·

274 698 330 760 Sed
341 717 419 762 mens
428 718 484 760 non
497 697 629 773 trahitur,
640 713 693 757 nec
702 715 750 757 cor
763 715 828 758 oum
841 693 1043 777 carneligatur.

273 777 349 838 Vana
359 777 478 842 tirocinii
490 785 556 838 sunt
566 777 680 836 uomina
692 797 700 836 ι
716 773 816 836 militat
827 775 895 835 olim

194 890 198 896 ·
272 857 325 928 Qui
340 863 435 939 captus
446 856 548 938 proprii
560 873 606 938 per
620 854 741 935 plurima
752 854 846 933 proelia
866 854 940 936 regis
953 857 978 931 ’,

272 935 344 997 Vicit
356 936 496 998 avaritiam
509 935 709 1016 debellaritque
722 933 868 1015 superbam

274 1015 438 1078 buxuriem:
453 1014 671 1097 prostratajacat
682 1014 740 1094 jam
754 1012 857 1073 viribus
869 1011 952 1092 bujds

274 1095 405 1168 Ambitio,
419 1104 447 1160 et
458 1095 569 1156 firmam
580 1092 652 1174 fugit
662 1091 739 1154 furor
750 1092 846 1171 iraque
858 1098 990 1162 mentem,
1003 1103 1006 1112 ’

278 1173 476 1256 &cedensque
489 1192 586 1236 omncs
597 1173 704 1234 funesta
715 1169 841 1254 superbia
852 1171 955 1253 cuipas.
1021 1181 1023 1188 “

316 1331 408 1396 Unum
420 1351 470 1414 pro
549 1349 582 1391 us
591 1329 761 1391 sociumsibi
771 1329 818 1389 rix
831 1328 898 1389 sinit
910 1327 951 1389 irc

276 1411 339 1473 Non
349 1429 460 1494 operor
480 1410 616 1482 strictum,
631 1409 679 1470 sed
691 1408 783 1471 solum
800 1409 914 1469 nominc
926 1425 1046 1470 servum.

278 1495 302 1554 Ο
321 1490 387 1552 felix
401 1494 424 1567 ³,
437 1489 482 1552 cui
496 1489 551 1554 trie
559 1488 660 1570 iugum
671 1496 728 1550 tam
739 1495 815 1568 grata
827 1487 932 1569 paravit
981 1516 985 1526 ·
1015 1503 1017 1510 ’

277 1569 417 1642 (lauditio,
432 1578 465 1632 ut
473 1568 507 1630 do
520 1576 595 1630 sorte
605 1571 653 1628 tut
666 1567 833 1630 contendere
843 1574 935 1627 tecum

277 1648 417 1712 Nobilium
427 1647 535 1730 possint
552 1647 685 1710 certantia
697 1654 759 1708 vota
770 1646 907 1707 viromm!

278 1728 348 1790 Nam
359 1729 406 1790 tibi
421 1726 536 1809 subjecti
550 1726 633 1788 servit
647 1725 754 1788 devotio
763 1725 866 1787 sancti:

278 1807 354 1870 idem
366 1807 485 1879 habitus,
502 1826 592 1888 parcae
603 1807 761 1868 communis
774 1806 850 1886 copia
864 1821 977 1865 mensae.

279 1887 330 1950 Hic
356 1888 414 1950 'rior
426 1886 576 1977 obsequiis,
587 1905 623 1948 oo
638 1886 735 1947 saltem
746 1889 880 1946 tnoscero
893 1886 978 1966 possit

278 1909 426 2032 Praeibtum
435 1967 549 2030 dommo
562 1965 784 2048 quaevissoiertia
798 1979 921 2026 corvum.
1097 1979 1132 2023 oo

319 2145 390 2207 Huic
395 2145 453 2226 jam
468 2143 654 2226 comparibus
667 2161 729 2225 quae
739 2141 837 2226 gratia,
848 2143 988 2226 quinique
997 2139 1122 2204 modesti

275 2224 291 2286 -Ι
325 2243 356 2286 os
369 2223 528 2286 subdiderat
542 2223 654 2286 dilectio
668 2243 732 2284 vera
747 2221 851 2306 priores
862 2225 888 2283 ⁸!
955 2267 958 2274 -

304 2323 351 2365 um
365 2302 564 2365 sumendorum
578 2301 710 2364 districtio
722 2297 824 2384 quanta
838 2299 963 2363 ciborum
973 2305 997 2381 ⁸,

280 2382 321 2445 Ne
333 2382 453 2444 distenta
465 2382 552 2443 citum
562 2381 691 2444 vitiarent
702 2381 807 2442 viscera
818 2399 940 2454 sensum,

280 2462 482 2554 Neopremerat
493 2461 605 2544 vigilem
620 2460 808 2523 membmrum
819 2460 924 2522 sarcina
941 2467 1076 2533 mentem,
1098 2474 1132 2522 os

280 2541 317 2603 Ut
325 2542 411 2603 divisa
424 2545 435 2579 ²
448 2541 524 2622 inopi
539 2539 672 2624 praeberet
683 2560 715 2601 co
734 2541 760 2600 ia
774 2548 892 2623 partem,

281 2621 405 2705 Quoquo
414 2638 502 2684 unum
511 2620 651 2694 obrueret,
668 2559 769 2682 meiius
782 2617 919 2684 refoveret
930 2627 1090 2705 utrumque.

221 2855 229 2884 ¹
245 2853 397 2926 «Vincitur,
410 2873 423 2928 ις
434 2861 474 2906 ost
482 2855 647 2926 oncbatut.5-
676 2855 762 2906 habile
772 2869 837 2929 pour
846 2853 989 2928 distinguer
999 2855 1134 2906 dumattre

191 2913 647 2988 aPromalrtosoeolr‚·pour(devemr)
675 2917 699 2968 lc
715 2925 840 2968 servateur
851 2931 895 2981 qur
912 2926 951 2970 est
963 2919 1012 2968 mis
1029 2931 1061 2968 au
1079 2917 1134 2966 des

190 2977 551 3089 comoneatffinbrcleffima
578 3037 648 3088 raelis
676 2980 880 3091 wifbffiitsse'
949 3041 986 3092 m

190 3058 271 3212 gagii,
292 3051 420 3212 ιέἒξὲἕό
439 3051 507 3208 burlis
524 3052 649 3170 dcpnom-
707 3053 1134 3168 norstriiai'obbbiumffiibbrroio

191 3169 393 3295 tbibsbccbristfs
408 3173 470 3225 pour
490 3171 567 3222 Μ’
583 3175 648 3223 pour
676 3163 892 3278 dailseleiitmaiis'a
918 3226 987 3290 inopi
1010 3227 1135 3292 praeboret
1167 3219 1174 3235 “

223 3281 554 3348 ⁸oFelnro(sous-entcndu
567 3299 579 3326 ι
593 3295 646 3360 scr-
675 3286 747 3365 conia
766 3293 875 3350 partem,
897 3294 981 3350 aton»
1003 3302 1036 3338 eu
1067 3295 1136 3368 sorte

191 3346 648 3532 {iiiicuaacronaac
675 3347 1156 3532 auerruncandorum.

709 3483 724 3516 11
773 3505 780 3522 .
