2522 4024
403 249 404 253 ,
492 171 668 256 rnuunucu.
941 252 958 279 ᾗ,
1017 173 1059 252 iu

246 301 354 384 Regem
369 291 519 384 perennem
534 325 582 368 rex
593 291 724 388 perennis
738 281 876 388 protulit,
904 291 927 328 ·³‘
956 296 958 304 ⁴

209 379 238 441 ln
253 401 285 442 se
298 391 469 458 manentem,
485 404 538 447 neo
550 386 686 453 minorem
701 396 755 448 tem
778 407 835 460 ore,

209 461 275 531 [luia
291 471 401 545 tempus
414 463 493 526 illurn
507 486 564 526 non
577 474 666 538 teuet;
679 485 745 530 nam
758 406 820 528 lons
831 468 903 528 reno

208 541 389 604 Exordiorum
404 553 456 620 est,
469 553 497 606 et
510 545 629 620 dierum,
644 555 672 608 et
685 556 852 624 temporum,
951 565 958 610 ².

209 619 248 682 Ex
261 621 343 686 Patre
356 623 481 687 Christus
495 649 501 686 :
517 626 570 688 hoo
584 625 665 690 Pater
679 627 754 709 quod
767 627 861 688 Filius.
942 647 957 706 '.

247 809 297 871 llio
311 829 342 872 se
357 811 507 873 videndum
520 813 648 894 prestitit
659 813 830 887 mortalibus,

209 889 322 950 Mortale
336 911 435 972 eorpus
450 894 571 975 sumpsit
585 893 785 970 immortalitas,
854 921 857 926 ·
916 909 919 922 ’
941 966 953 982 ἡ

196 967 242 1031 .Ut
255 969 323 1030 dum
336 971 471 1033 caducum
486 981 706 1053 portat'aeternus
718 974 801 1046 Deus,
920 988 923 992 ’

207 1048 333 1112 Transire
347 1059 472 1112 nostrum
485 1061 577 1134 posset
591 1054 625 1114 ed
639 1053 782 1115 coelestio:
904 1053 906 1057 ’
942 1103 945 1107 .

208 1128 297 1193 Homo
311 1139 355 1193 eet
366 1142 535 1216 peremptus,
551 1141 579 1195 et
593 1133 740 1195 resurrexit
753 1133 837 1215 Deus.
926 1178 950 1186 „
989 1130 994 1140 “

246 1318 398 1401 Congressi
412 1341 486 1382 mors
499 1328 541 1384 est
552 1322 675 1383 membra
688 1321 805 1404 gestanti
818 1320 874 1382 Deo
885 1343 891 1379 :

207 1395 278 1460 Dum
292 1407 384 1470 nostre
401 1408 501 1478 tentat,
513 1403 597 1466 cessit
609 1401 822 1472 immortalibus.
859 1467 861 1469 ,

207 1477 330 1540 Stultum
344 1484 447 1562 putatis
459 1482 665 1562 lroo,soplristae
680 1482 775 1546 saeouli
921 1503 923 1508 ·

206 1557 261 1619 Sed
274 1559 357 1620 stulta
370 1561 467 1622 mundi
480 1567 490 1601 ¹
503 1582 629 1624 summus
644 1563 728 1644 elegit
742 1563 843 1636 Pater,

205 1635 241 1700 Ut
252 1639 352 1701 stultus
365 1641 556 1716 essetsaeouli,
569 1642 692 1724 prudens
703 1643 764 1704 liei.
787 1685 789 1692 ,

244 1827 444 1910 Antiquitatum
456 1828 576 1903 Romuli,
592 1838 619 1892 et
630 1829 794 1892 Mavortiam·
836 1857 842 1862 ··

206 1904 313 1990 Lupum
326 1929 461 1982 renarras,
476 1912 595 1992 primum
608 1916 636 1971 et
650 1929 733 1970 omen
748 1910 889 1968 vulturum
899 1912 922 1966 ¹.

207 1983 237 2046 Si
251 2008 295 2050 res
307 1988 431 2052 novellos
443 1991 558 2072 respuis,
573 1989 613 2050 nil
625 1999 681 2050 tam
694 2006 790 2065 reeens
803 2011 835 2066 ε,υ
868 2027 886 2068 ᾗ,
894 2007 912 2066 gjj

206 2065 257 2147 Vix
271 2067 349 2130 mille
360 2069 567 2150 lestis³implet
578 2069 651 2132 hano
664 2068 803 2134 etatulam
897 2109 907 2130 2

207 2145 308 2210 Cursus
319 2148 427 2212 dierum
439 2151 581 2214 conditore
593 2149 627 2212 ab
641 2168 757 2234 augure.

247 2333 383 2398 sexcenta
397 2355 510 2420 possum
522 2357 606 2420 regno
619 2337 726 2420 pridem
737 2335 849 2400 condita

206 2413 330 2478 Proferre
340 2424 398 2479 toto
410 2418 438 2479 in
451 2419 528 2490 orbe,
544 2421 567 2479 si
579 2418 615 2480 sit
626 2419 723 2491 otium,
898 2488 902 2494 ,

205 2493 293 2556 Multo
305 2505 369 2558 unte
381 2497 462 2568 oleru,
478 2501 562 2580 quim
577 2499 709 2582 cupellam
723 2498 890 2560 Gnossiaml
935 2567 949 2576 Α

208 2573 320 2638 Suxisse
334 2576 420 2640 fertur
429 2577 566 2659 luppiter,
579 2578 672 2640 lilertis
683 2587 760 2661 pater
773 2599 780 2637 ι
950 2589 952 2592 ’

207 2653 266 2718 Sed
281 2657 327 2718 illa
339 2678 396 2719 non
407 2667 484 2733 sunt,
498 2657 557 2720 heo
569 2665 596 2720 et
610 2658 678 2720 olim
689 2677 746 2719 non
757 2665 847 2723 erunt.
944 2679 953 2708 ι’»

145 2855 152 2884 ·
174 2873 186 2899 ι
206 2854 255 2904 Sed
275 2855 353 2906 stulte
374 2854 501 2916 mundi»
522 2857 571 2904 elo.
598 2851 762 2914 Aventinum,
779 2851 823 2903 hio
848 2851 992 2916 (Romulus)
1014 2853 1058 2903 Pa·

115 2916 184 2967 Saint
198 2917 407 2982 Paul,Epltre1,
420 2917 572 2967 auxCorin·
598 2914 708 2964 latinum
728 2922 841 2978 oooupat.
855 2916 927 2965 Prior
950 2916 993 2966 ille
1014 2929 1058 2966 sex

115 2979 205 3039 thiens,
225 2979 266 3029 oh.
286 2993 314 3039 n,
332 2994 359 3029 r.
372 2982 400 3032 nt
414 2995 421 3030 z
434 2979 504 3029 «Sed
516 2991 572 3040 quae
598 2977 723 3035 uultures,
736 2976 777 3026 hio
797 2983 890 3040 postea,
911 2979 954 3028 sed
965 2977 1060 3028 duode-

114 3041 188 3091 nulia
209 3049 270 3092 sunt
289 3043 378 3092 muudi
400 3042 478 3106 elegit
498 3039 572 3098 Deus,
587 3039 649 3089 ,mm
659 3039 736 3088 videt.
748 3039 878 3092 Siouiotor·
892 3040 1006 3104 augurio,
1018 3054 1059 3089 ur·

115 3111 141 3154 ut
159 3101 300 3154 oonrundat
314 3105 453 3168 sepientes,
463 3110 489 3154 et
500 3102 573 3151 inlir·
598 3101 656 3152 hem
677 3103 778 3163 excitet,
798 3103 888 3166 plenus
904 3103 971 3167 ¹spui,
982 3101 1060 3152 trua-

114 3166 255 3216 memundi
268 3165 348 3231 elegit
367 3169 443 3230 Deus,
463 3171 493 3216 ut
514 3177 573 3215 oon·
598 3164 689 3215 tricem
710 3163 774 3216 loro,
785 3165 822 3216 lta
833 3163 872 3214 illi
884 3172 982 3215 assueta
1000 3171 1057 3212 sun-

115 3227 202 3280 tundat
216 3228 328 3280 fortio.»
598 3225 882 3292 guiueetpraedaaves
902 3225 1056 3292 polliceban-

142 3291 184 3335 ἰ
217 3291 334 3342 Primum
370 3303 447 3342 omen
485 3289 573 3340 vultu·
599 3295 675 3345 tun»
1022 3319 1029 3364 ,κ

114 3365 181 3404 rum.
197 3371 209 3398 ι
223 3353 294 3403 Voici
312 3367 341 3404 oe
361 3354 438 3418 qu'on
461 3352 491 3403 lit
511 3353 574 3402 dans
631 3353 772 3408 s«Pestis,
788 3371 799 3397 ι
813 3351 915 3402 enutes.

113 3415 210 3478 Florus,
232 3415 277 3466 liv.
297 3417 318 3478 l,
338 3416 418 3466 olm:
440 3433 451 3460 u
471 3415 572 3465 Gemini
631 3415 672 3458 ⁴«
693 3415 821 3478 Capellam
842 3413 983 3474 Gnossiam,
1002 3419 1013 3456 ἰ
1030 3411 1058 3478 le

113 3477 245 3538 (Romulus
257 3483 283 3527 et
293 3479 401 3540 Remus)
414 3483 487 3528 erant
498 3492 505 3526 ε
517 3483 573 3527 uter
598 3477 693 3527 ohevre
709 3477 740 3548 ue
752 3479 854 3531 Gnosso.
863 3475 923 3526 ville
933 3474 1057 3548 deserete,

114 3537 574 3664 sistitisirrisistis
598 3533 1056 3663 lillilillllllllll‘lml‘lll’
