2582 4028
389 231 820 292 nnnnuusurnrnsnuron.
1039 215 1102 294 uns

224 329 299 400 Nam
311 338 369 432 qui
381 345 408 402 te
420 338 548 402 timidum
559 339 599 404 fas
608 349 651 404 est
660 341 813 404 subdneere
826 341 947 425 eorpus?

225 413 307 492 Tete,
319 437 445 502 inquam,
458 437 521 510 quea
534 440 585 482 ror
597 422 644 483 rili
653 421 689 484 de
702 423 814 504 pulvere
820 422 899 497 feeit,
1034 439 1087 487 343

225 497 324 560 Virtus
334 501 395 560 rina
408 506 503 581 patus,
514 501 612 563 rnundi
624 502 819 575 ampliissima,
830 521 953 585 praesens

226 577 346 660 Implet¹
356 585 406 659 ,et
416 578 450 646 in
463 580 572 661 penites
586 582 643 644 exit
656 581 756 644 diffusa
769 589 903 646 r'eeessus.

226 655 307 722 'l'uue
318 667 398 741 potas
410 659 561 724 Dominum
573 660 684 744 fugiens
695 661 832 725 evadere?
845 671 914 726 tune

225 735 324 800 Omnia
339 747 499 802 cernentem
511 743 625 824 sperasti
642 761 723 824 posse
733 743 841 806 latere?

136 867 142 876 .
229 815 375 882 tumetis
385 821 478 903 Jaeeas
490 821 928 906 tenebriseelaherenunquem.
1035 838 1083 888 333

421 1085 423 1087 ¹
509 1009 629 1062 113133
644 1015 811 1064 mtenee.

269 1145 336 1212 Prin
353 1147 361 1162 ⁶
381 1148 492 1212 ininter
504 1151 589 1214 tetius
601 1151 722 1215 viventia
734 1151 834 1215 mnndi

140 1268 155 1281 ·=
229 1228 272 1292 Tu
285 1229 359 1292 male
378 1229 448 1292 ietus
461 1231 527 1306 eris,
539 1231 587 1313 qni
600 1232 702 1294 eoelum
717 1233 820 1294 intrare
833 1237 940 1296 creatos

229 1307 359 1392 Dejeeisti
373 1309 512 1386 hemines,
523 1311 678 1394 vetitasque
691 1313 826 1394 attingere
836 1311 929 1398 fruges

229 1387 338 1452 Fraude
351 1393 400 1450 tut
409 1390 537 1472 impulsis
549 1392 683 1474 praedurae
693 1395 791 1454 martis
799 1393 877 1475 origo
891 1411 934 1457 es.

229 1467 306 1552 Ergo
318 1477 351 1532 ut
363 1469 447 1551 digna
457 1470 535 1533 nefas
548 1489 638 1554 poenae
650 1491 779 1534 mensura
789 1479 928 1556 sequatur,
1031 1489 1083 1536 333

230 1547 273 1612 Ex
285 1569 342 1631 qun
354 1547 498 1612 hominem
508 1559 588 1613 terne
598 1553 734 1614 immersti
743 1558 765 1628 ³,
778 1559 808 1614 tu
820 1561 920 1621 stratus
937 1553 1033 1638 iniquo

145 1674 149 1686 .
167 1691 170 1694 ,
230 1623 356 1692 Membra
367 1629 437 1705 3313,
448 1629 546 1693 duram
559 1631 677 1694 suleahie
690 1641 800 1715 pectore
812 1640 925 1696 terram.

230 1707 268 1770 Et
280 1709 380 1772 vetitos
388 1716 495 1774 tentare
506 1711 583 1774 eibos
597 1713 660 1794 quia
674 1713 784 1787 feceris,
795 1713 927 1796 hincjam

231 1786 302 1850 vitis
320 1809 430 1871 semper
442 1789 508 1852 edes
521 1791 676 1873 squalentia
689 1794 792 1856 viscera
804 1801 883 1856 terrae
892 1798 916 1854 ⁸.

170 1887 175 1895 ·
231 1866 268 1932 nt
280 1867 346 1952 quia
359 1869 619 1953 tedipnae⁸plaenit
630 1872 680 1934 tibi
691 1873 797 1954 primus
813 1879 845 1934 ut
854 1891 930 1936 esses
945 1947 947 1954 Ι
1035 1887 1086 1935 355

231 1947 363 2012 laventur
373 1950 480 2025 mertis,
493 1953 577 2032 pnent
590 1953 709 2012 moriere
720 1951 846 2032 perenni,

148 2055 174 2079 :f
194 2053 201 2058 ·
231 2025 410 2112 Humanique
419 2029 514 2094 edium
525 2030 634 2113 generis
649 2030 805 2114 spanialiter
813 2031 842 2091 in
851 2036 879 2092 te

230 2107 274 2170 Ae
285 2127 468 2192 genruemne
480 2118 562 2173 tuum
577 2110 649 2172 bello
668 2114 807 2202 experiere
820 2109 938 2194 potanti,

231 2185 456 2273 Perpetuumque
466 2194 517 2264 tut,
529 2209 605 2252 mers
617 2197 649 2252 ut
662 2189 710 2253 1113
724 2193 820 2272 longe,
828 2192 957 2255 timorem

196 2289 201 2296 ·
231 2267 304 2332 Esse
312 2268 530 2353 dabozpedihus
543 2289 635 2354 repes,
647 2279 676 2333 et
687 2279 798 2355 pertore
810 2291 918 2356 prono:
1038 2286 1088 2335 aen

230 2347 255 2410 Τ
341 2350 858 2433 1331133113333133313333333133,
874 2351 953 2434 eujus

161 2459 165 2468 ·
230 2431 254 2496 G
292 2429 354 2492 idus
368 2431 499 2494 extremis
512 2437 621 2492 tanturn
635 2431 799 2494 insidiabere
810 2432 921 2516 plantis,

231 2505 271 2572 Ut
282 2509 423 2594 trepidans
433 2511 517 2574 etiem
530 2511 613 2594 capiti
626 2512 741 2594 vestigia
756 2509 833 2593 ligat.
948 2513 953 2522 '

272 2669 358 2746 Dixit,
373 2679 402 2734 et
416 2691 585 2754 exsanguem
598 2671 640 2734 sie
652 2681 694 2735 est
704 2689 818 2734 exorsus
828 2670 858 2732 in
871 2669 973 2732 Evam:

234 2747 334 2814 311113
347 2771 410 2834 quae
425 2752 542 2814 minimo
554 2752 642 2814 solam
654 2759 683 2814 te
697 2750 811 2833 perdere
825 2750 914 2812 fructu
1028 2767 1088 2816 333

230 2829 294 2893 Non
308 2839 448 2907 nonnae,
462 2832 552 2895 virum
564 2830 826 2895 similestemeraria
838 2833 965 2894 in-ausus

160 2917 167 2950 ·'
230 2910 366 2976 Traxisti:
379 2911 465 2976 instar
479 2913 533 2976 eris
544 2912 666 2988 famulae,
678 2911 855 2996 subjectaque
867 2911 962 2987 duros,

162 3135 170 3166 ¹
183 3125 286 3178 «neres
294 3127 333 3195 est
342 3121 397 3188 regi
407 3134 471 3186 par«
480 3120 594 3186 implet·
630 3121 731 3237 sippliofie
744 3122 781 3173 les
792 3120 875 3172 bassos
886 3117 990 3192 penstes
1004 3130 1053 3181 que
1065 3116 1088 3166 le

128 3189 384 3301 333
397 3197 486 3298 nn
514 3259 546 3298 3
629 3179 1089 3308 3333333333.

163 3260 513 3374 Ῡ11313133131111101333331
532 3285 598 3376 pour
630 3321 679 3372 qua
702 3261 787 3361 inutes
806 3306 967 3370 ses'penstes
983 3278 1015 3354 ni
1033 3307 1091 3352 sont

132 3372 346 3468 «immersisti»
447 3433 460 3461 ,Ι
491 3425 524 3445 ,ι
629 3373 806 3483 qupptnh35»
896 3429 928 3482 η,
987 3427 1092 3479 lamort

132 3457 222 3566 333.
235 3431 597 3561 33333333
630 3435 895 3590 3333·

130 3565 160 3614 2·
170 3561 264 3626 partie,
276 3559 319 3612 eh.
332 3561 343 3609 t
357 3573 365 3610 ι
377 3578 389 3604 ι
402 3557 438 3608 La
446 3564 525 3623 terre,
534 3559 596 3612 dont
690 3559 775 3622 Teque
783 3565 839 3618 tuo,
848 3561 917 3607 ete.»
926 3554 961 3604 Le
970 3563 1092 3669 properes

130 3623 246 3682 uendit
252 3635 302 3693 que
311 3621 336 3676 13
342 3625 445 3704 serpent
452 3633 479 3675 se
486 3619 597 3689 nouerit,
630 3635 663 3676 en
675 3620 701 3674 13
709 3619 829 3688 punition
845 3617 881 3671 du
893 3615 998 3684 demon,
1025 3629 1039 3668 e
1051 3621 1093 3669 eet
