2542 4038
201 175 247 235 cti

310 281 340 336 Si
354 287 380 336 te
395 280 479 348 sentis

309 350 495 407 Teutamentis

277 419 375 494 Urgeri
384 420 551 490 demonicis,

311 495 371 548 Mox
384 492 512 574 respiras,
597 499 601 512 '

311 564 340 619 Si
354 577 478 635 requrras

275 635 386 691 Matrem
397 632 497 690 summi
506 631 616 706 judicis.

311 797 377 851 Nam
393 793 538 866 siquando

311 868 348 922 Te
362 865 489 921 tentando

275 935 353 993 Diuus
365 949 477 1016 serpens
492 933 604 1003 leserit,

309 1005 462 1076 suspiranti

310 1078 345 1132 Et
358 1076 446 1131 oranti

273 1147 322 1206 Pia
330 1147 413 1204 Mater
426 1143 522 1204 aderit.

311 1310 390 1379 Quod
401 1309 424 1364 si
436 1306 505 1364 forte

309 1379 402 1438 Mortis
416 1385 498 1451 porte

274 1451 312 1507 Te
325 1451 445 1507 vicinum
458 1447 571 1517 sentias,
676 1464 681 1470 ’

309 1521 393 1576 Crede
406 1525 494 1574 tamen

310 1589 387 1658 Quod
396 1587 524 1661 juvamen

271 1662 324 1719 Per
336 1675 395 1718 eam
406 1658 529 1732 recipias.

308 1820 337 1878 Si
349 1826 376 1876 tc
385 1819 460 1876 doles

308 1893 391 1948 Ferre
404 1890 488 1948 moles

275 1963 325 2020 Cul
345 1979 419 2018 arum
431 1958 625 2033 prementium,

335 2048 517 2104 ancprecare‚

309 2104 345 2161 Ut
353 2104 461 2175 placare

274 2173 363 2230 Possis
376 2173 433 2246 ejus
444 2171 542 2229 Filiuru
557 2188 564 2226 :

308 2334 374 2387 Nam
387 2330 521 2403 placatum

311 2401 374 2475 Ejus
388 2406 480 2456 natum

274 2474 350 2530 Tunc
359 2470 460 2528 habere
469 2467 582 2542 poteris,

309 2544 339 2600 Si
351 2542 425 2600 fideii

311 2617 397 2671 Mente
407 2611 467 2671 coeli

274 2687 406 2762 Reginam
418 2679 564 2759 rogaveris.

307 2845 414 2916 Virgum
426 2845 501 2899 Jesse
513 2843 535 2904 ⁸,

308 2914 391 2982 Quum
402 2927 519 2984 praeesse

272 2985 382 3042 Cunctis
392 2984 445 3038 scis
454 2979 617 3048 viventibus,

306 3055 423 3126 Supplex
432 3068 480 3109 ora

307 3127 340 3182 Et
352 3125 464 3197 implora
549 3189 551 3196 J

271 3191 343 3255 Totis
353 3197 423 3254 lianc
437 3189 597 3250 visceribus.

572 167 664 234 'stiffi
677 167 838 234 timim).

820 278 898 334 Hanc
911 276 1031 360 require,

822 349 887 418 Quae
902 349 989 404 tenure

782 421 860 479 Solet
873 419 955 474 corda
968 415 1104 484 tristium

820 493 919 547 Certus
931 495 989 544 esto

799 601 809 619 .
820 559 899 629 Quod
910 560 946 615 sit
955 558 1059 642 praesto

782 633 858 690 Votis
872 627 1098 703 supplicantium.

822 794 886 848 Haec
899 789 997 864 regina

820 867 863 919 De
878 861 956 918 ruina

785 933 878 990 Faciet
888 939 915 987 te
929 944 1042 1006 surgere
1051 927 1084 1000 ²;

820 1005 884 1061 uaec
894 1003 1017 1076 protecto

818 1076 858 1132 Te
869 1073 974 1130 directo

667 1203 671 1210 ,
782 1137 906 1203 Dedecet
914 1141 1021 1202 itinere.

823 1309 883 1378 ipsa
895 1305 996 1362 multos

789 1433 793 1442 ,
822 1375 1013 1459 Jamsepultus

786 1446 865 1504 Fecit
877 1445 1042 1504 revrviscere
1049 1463 1057 1517 ς

820 1518 885 1574 Haec
896 1517 1025 1573 adversos

822 1589 856 1643 Et
870 1587 1016 1644 subversos

781 1658 1080 1731 Potestneojungerc.

816 1822 904 1888 Ipsum
918 1819 991 1888 ama,

816 1888 859 1946 Aa
872 1887 944 1944 hauc
953 1883 1041 1945 clama

780 1957 875 2016 Cordis
891 1957 1040 2029 desiderio,
1067 1957 1070 1964 ’

816 2031 850 2087 Ut
862 2035 998 2086 sustentet
1100 2051 1104 2058 ·

816 2101 851 2157 Et
861 2105 1010 2172 praesentet

781 2171 821 2228 Te
831 2167 908 2228 beate
920 2170 984 2228 tilio.

816 2331 894 2387 Hunc
904 2327 1004 2386 siculis

817 2399 881 2457 Veri
895 2399 959 2458 sutis

782 2470 935 2528 Perfrueris
947 2469 1067 2543 tumiue;

816 2543 873 2598 Htc
885 2540 991 2613 adjutus

816 2613 877 2668 Eris
891 2619 964 2668 tutus

714 2705 717 2708 ·
781 2681 822 2740 Ab
835 2680 1080 2740 omuiicrmidina.

817 2842 874 2897 Hoc
889 2839 1057 2897 credendum

815 2911 849 2968 Et
863 2911 1000 2967 fatendum

778 2981 961 3039 Adhonorem
977 2981 1104 3047 Domini,

816 3051 893 3120 Qucd
908 3050 1024 3124 subjecit

816 3123 953 3206 Quidquid
967 3121 1034 3179 fecit

780 3193 904 3251 Christus·
916 3193 997 3250 matri
1010 3191 1155 3268 vugtnie.

225 3434 239 3500 ,ί
277 3455 295 3519 u⁸
308 3433 415 3497 virgam
434 3431 536 3480 sesses
553 3428 655 3493 Vogez',
683 3417 1150 3517 suicetteecnstructtong'rammattt·

200 3489 543 3617 pageutffissirergtteegdrkew
561 3546 655 3616 Vertit,
683 3489 773 3595 αιΙιθἀρ
804 3495 1051 3618 ἓῐιξθεῖτῐὲῗῐηῗὶἱέἃ
1070 3551 1150 3606 usare
