2518 4042
202 245 248 293 512
480 244 569 296 tutu
586 243 626 295 DE
641 243 864 296 stiur-vrurou.

360 344 410 409 llic
422 345 555 408 Martinus
569 346 616 427 qui
630 346 708 408 trinae
722 344 824 428 placuit

458 425 603 506 lllajestati.

360 583 412 646 Hie
424 583 569 658 Martinus,
586 583 664 666 cujus
678 592 720 646 est
733 584 825 647 obitus

361 664 494 726 Serarino
508 670 518 704 ¹
533 665 684 746 pervisum
698 665 837 747 cognitus,

362 742 435 805 Duru
449 743 567 806 coelestis
581 745 655 805 canit
668 746 805 807 exereitus

460 823 547 886 uiue
560 824 660 887 melos.

380 984 430 1045 llic
443 983 589 1061 Martinus,
603 984 683 1065 eujus
695 985 743 1048 Sul
763 983 825 1047 itius

383 1063 473 1125 Vitam
487 1063 590 1137 scribit,
607 1072 677 1126 astet
690 1004 874 1126 Ambrosius²

380 1141 546 1226 Sepulturae,
562 1144 602 1205 nil
616 1143 668 1205 sibi
680 1145 807 1207 conscius

461 1227 547 1285 lntrat
561 1223 656 1286 eoelos.

380 1383 404 1448 0
416 1385 543 1461 Martiae,
553 1391 646 1467 pastor
657 1385 780 1468 egregia,

382 1462 406 1527 0
420 1464 545 1528 Coelestis
558 1485 671 1527 consors
686 1465 800 1540 militiae,

382 1544 440 1605 Nos
453 1565 468 1606 a
482 1543 540 1625 lupi
554 1544 685 1607 defendas
699 1545 775 1606 rabie

464 1623 623 1686 Saevientis!

384 1789 408 1850 u
422 1786 550 1866 Martiae,
565 1787 607 1850 iae
619 1809 695 1852 nune
709 1790 783 1874 quod
796 1809 932 1873 gesseras,

383 1867 442 1930 llau
456 1887 551 1951 preees
564 1889 613 1951 pro
626 1869 705 1932 nobis
718 1871 836 1944 offeras3

385 1947 451 2010 Esto
465 1968 581 2022 mernor,
598 1969 683 2041 quam
695 1970 838 2033 nunquam
853 1949 985 2011 deseras'

463 2028 529 2090 Tuae
541 2035 642 2110 gentis.

455 2277 544 2326 xxv.
559 2278 606 2324 ne
621 2281 739 2328 mett
753 2277 961 2326 cathmus&

207 2475 289 2538 v0x⁸
303 2493 402 2536 sonora
417 2477 503 2536 nostri
515 2479 593 2536 chori
717 2482 770 2537 Per
782 2497 863 2563 quem
877 2479 953 2553 plebs
966 2480 1151 2538 Alexandrina

206 2552 303 2610 Nostro
315 2556 395 2606 sonet
406 2549 550 2621 conditori,
717 2552 839 2608 Femrnae
853 2567 908 2607 nou
922 2550 1057 2608 feminina

243 2621 295 2692 Qui
310 2621 428 2693 disponit
441 2622 541 2688 omnia,
753 2622 861 2694 Stupuit
872 2622 993 2695 ingenia,

205 2694 259 2751 Per
272 2709 353 2766 quem
364 2693 475 2749 diruieat
487 2693 616 2765 imbellis,
717 2697 807 2765 Quum
822 2693 899 2749 beatu
913 2693 1057 2750 catharina

206 2765 258 2822 Per
270 2780 351 2838 quern
364 2764 440 2821 datur
452 2771 478 2821 et
491 2765 588 2837 puellis
717 2770 820 2823 Doctus
833 2764 846 2802 θ
858 2765 982 2820 vinceret
994 2765 1130 2833 doctrina,

241 2837 280 2892 De
292 2835 358 2892 uiris
373 2835 486 2892 victoria
492 2854 502 2907 3
752 2838 865 2893 Ferrum
878 2835 1020 2908 patientia.

239 3063 248 3094 ¹
267 3078 282 3109 u
293 3060 448 3118 severina»
467 3060 534 3111 saint
550 3059 666 3123 Severiu,
726 3061 737 3090 ⁸
759 3061 851 3111 Toutes
865 3060 902 3110 les
919 3059 1037 3132 strophes
1049 3060 1082 3112 de
1095 3068 1164 3114 cette

208 3123 304 3217 euntque
315 3123 347 3172 de
357 3121 475 3195 bologne.
547 3184 552 3195 Ι
693 3122 826 3194 sequence,
837 3123 1012 3232 ul'epceptrou
1018 3123 1056 3233 spe
1069 3124 1094 3173 la
1105 3124 1165 3175 ‹ler-

205 3185 585 3318 uusillllliliuluil‘l
606 3186 668 3234 lm‘
692 3185 1166 3318 ullutltllutlutublu}

238 3312 251 3341 ⁸
267 3329 278 3355 ι
291 3311 402 3359 beseras.
415 3329 426 3354 ι
438 3309 541 3373 Optatrl.
691 3310 803 3358 muudus
816 3309 1016 3371 exultauitvop.
1029 3322 1095 3374 page
1104 3314 1164 3374 466,

238 3372 250 3404 ⁴
271 3372 356 3424 Saiute
374 3372 518 3433 Gatheriue,
533 3370 619 3443 vierge
641 3377 667 3420 et
696 3378 754 3420 note
769 3374 791 3420 t.

205 3441 275 3484 mart
291 3447 328 3492 re,
339 3434 440 3484 suuffrit
450 3447 514 3498 pour
524 3433 548 3484 la
562 3434 595 3484 ior
607 3446 668 3497 pen·
723 3433 735 3462 ⁶
758 3451 769 3476 a
785 3434 883 3482 tructos.
899 3432 1009 3482 »Sainte
1022 3433 1165 3485 Cerberiue

206 3449 307 3546 danila
320 3497 480 3568 persteutiun
497 3497 527 3546 de
540 3497 667 3557 Maxeuee,
692 3493 822 3568 eupiondit
862 3494 1000 3556 uinquaute
1041 3495 1166 3548 deuteurs

205 3564 232 3608 et
249 3557 288 3608 lut
299 3559 425 3610 eusevelre
437 3573 482 3624 par
498 3573 534 3613 un
546 3572 611 3626 ange
624 3571 668 3608 sur
692 3560 778 3620 paiens
796 3571 827 3606 eu
848 3556 968 3666 presence
987 3557 1019 3606 da
1041 3557 1167 3611 Maxeuoe

206 3619 314 3672 bemont
327 3620 405 3674 sinat
692 3618 764 3674 ardu
782 3631 874 3686 paupe
887 3618 1077 3671 d'Alexandrie.
