2518 4042
217 157 264 206 etr
433 183 435 188 ,
543 146 635 202 stiur
650 121 893 219 northvsurttxs.

219 251 370 326 specialem
384 251 425 310 ier
437 264 556 309 amorem
765 253 1081 326 Cunetuspestidelium.

218 323 433 395 Etpraecipuum
448 322 578 380 honorem
730 325 799 382 Crux
813 324 1157 383 estdeeussulvandorum

254 393 506 454 Cruci‘selutiierae.
729 397 765 450 Et
778 395 904 452 solatium
918 412 1013 454 eorum

217 467 284 524 Cum
299 465 404 524 iervore
419 466 607 532 medullarum,
765 468 852 538 Atque
867 465 1033 544 desiderium
1044 467 1066 524 2.

216 537 287 595 Nixu
299 537 396 593 uirium
412 542 519 594 tuarum

252 609 324 666 Velis
337 607 407 666 hanc
420 608 545 682 diligere·
730 616 802 673 Crux
814 623 856 674 est
868 619 955 688 navis,
968 635 1034 676 crux
1048 625 1090 680 est
1105 630 1195 698 portus

727 690 797 747 Crux
808 688 968 746 deliciarum
981 691 1076 748 hortus

216 763 306 832 Quum
321 759 438 835 quiescis
449 765 495 818 eut
508 758 621 828 labores,
763 761 792 815 br
805 777 858 832 quo
872 761 969 818 florent
982 763 1074 820 omnia
1082 782 1091 833 ;

216 832 331 904 Quando
341 831 425 902 rides,
438 831 545 904 quondo
558 830 656 902 plores,
727 829 798 886 Crux
810 839 850 887 est
864 831 942 888 fortis
954 840 1091 890 armature

252 904 330 960 heles
343 903 399 958 sive
412 902 538 976 gaudeas,
727 902 761 957 Et
776 902 905 972 protectio
920 919 1016 960 secura

215 974 330 1043 Quando
345 974 430 1046 vedis,
444 973 551 1046 quando
565 971 653 1042 uenis,
762 972 911 1030 Conterens
925 973 1091 1032 daenoniass.

214 1046 244 1102 ln
256 1044 368 1114 solatiis,
383 1043 411 1100 in
425 1044 513 1116 pomis

249 1119 364 1175 Crucem
380 1115 461 1172 eorde
473 1122 574 1172 teneas.
727 1124 799 1179 crux
812 1129 853 1179 est
866 1123 947 1181 arbor
958 1125 1099 1196 decorato,

726 1193 826 1250 Christi
841 1197 972 1268 sanguine
986 1205 1101 1268 secretu,

213 1271 283 1326 Crux
296 1268 323 1324 in
336 1266 460 1325 omnibns
474 1266 617 1340 pressuris,
762 1266 872 1321 Cunctis
883 1268 961 1337 plene
977 1266 1111 1326 fructibus
1123 1269 1148 1338 ⁴,

213 1341 247 1396 Et
260 1340 289 1395 in
301 1340 426 1413 grauibus
436 1345 463 1396 et
477 1339 562 1401 duris,
726 1333 828 1402 Quibus
839 1337 937 1393 animae
953 1345 1099 1410 eruuntur,

247 1413 298 1474 Est
310 1417 396 1468 toturn
410 1411 570 1466 remedium.
725 1409 792 1464 Cum
804 1409 930 1480 supernis
944 1411 1104 1469 nutriuntur

214 1484 282 1538 Crux
296 1481 323 1537 in
340 1481 427 1554 poenis
440 1488 467 1536 et
477 1478 618 1536 tormentis
761 1477 833 1535 Cibis
846 1479 874 1534 in
889 1480 1057 1540 coelestibus.

213 1553 260 1609 Est
272 1552 387 1609 dulcedo
402 1552 454 1624 piro
467 1551 564 1608 mentis
716 1605 722 1614 ,

248 1625 283 1682 Et
296 1639 391 1680 verum
404 1621 549 1695 retugium.
726 1628 748 1685 0
762 1631 842 1702 quim
855 1629 918 1687 lelix
929 1632 1105 1703 permanebis

725 1701 803 1757 Nunc
817 1702 845 1756 in
858 1718 940 1759 cruce
956 1704 979 1759 si
993 1705 1129 1776 studebis,

213 1775 285 1833 Crux
296 1781 338 1832 est
351 1780 428 1847 portu
443 1771 569 1846 paradisi,
760 1773 852 1828 Donec
868 1773 968 1830 mundo
984 1775 1101 1834 vixeris!

212 1847 242 1904 ln
255 1849 309 1920 qud
322 1846 409 1904 secreti
423 1851 486 1902 sunt
498 1843 605 1908 conlisi,
724 1841 789 1900 Sine
802 1842 856 1900 sme
870 1845 947 1901 laetus
961 1845 1014 1902 eris

248 1919 302 1990 Qui
318 1919 444 1975 vicerunt
455 1915 555 1974 omnia.
725 1914 765 1970 Tu
778 1915 824 1986 qui
835 1922 953 1971 sanctam
966 1931 1077 1976 crucem
1092 1919 1202 1994 quaeris,
1241 1975 1242 2003 ¹

213 1991 283 2048 Crux
296 1996 336 2062 est
350 1988 444 2046 mundi
456 1987 600 2056 medicine,
759 1985 788 2042 Si
802 1988 1027 2058 perseveraveris.

213 2061 265 2117 Por
279 2077 357 2132 quam
375 2059 478 2116 bonitas
492 2057 582 2114 divina
743 2125 745 2130 Ι

248 2131 322 2187 Facit
333 2128 473 2187 mirabilia·
724 2137 841 2194 Crucem
856 2153 956 2210 quere,
970 2155 1082 2198 crucem
1096 2158 1174 2215 gere,
1240 2181 1241 2240 t

415 2233 418 2241 =
724 2207 822 2266 Christi
836 2210 1070 2270 erucemintuere

213 2284 283 2339 Crux
295 2287 336 2338 est
347 2281 417 2337 salus
432 2281 595 2353 animarum,
759 2280 793 2336 Ut
805 2296 895 2336 umore
909 2282 1048 2354 langueas.

214 2353 312 2410 verum
327 2352 418 2407 lumen
433 2357 462 2409 et
473 2355 644 2424 praeclarum,
723 2351 834 2408 Summi
849 2351 900 2408 srde
915 2369 1025 2410 crucem
1038 2353 1104 2412 vide

248 2425 282 2481 Et
295 2423 408 2479 dulcedo
423 2423 556 2480 cordium.
724 2424 758 2479 Et
770 2421 927 2493 plenissime
942 2423 1049 2481 conlido

211 2498 282 2554 Crux
296 2500 338 2552 est
353 2493 407 2551 vite
421 2494 568 2554 beatorum,
759 2496 854 2551 Donec
868 2493 950 2551 uitem
965 2494 1075 2553 hebens.

211 2568 246 2624 Et
257 2567 398 2624 thesaurus
412 2566 595 2638 perlectorum
612 2567 632 2632 ¹,

247 2639 281 2694 Et
294 2639 376 2694 decor
390 2644 418 2693 et
430 2636 576 2710 gandium:
724 2644 877 2717 Diligenter
889 2660 960 2717 pone
973 2652 1095 2704 montem
1238 2669 1239 2712 r

723 2715 809 2786 Super
823 2715 959 2774 Christum
972 2718 1135 2788 patientem,

211 2791 281 2848 Crux
298 2794 366 2846 ests
387 2789 494 2846 eculnm
506 2787 625 2858 virtutis,
759 2789 793 2844 Et
807 2787 832 2842 oi
846 2787 999 2844 condoleas.

211 2858 341 2919 Gloriorae
357 2806 410 2918 ἆυ(
422 2860 527 2930 salutis,
723 2857 823 2915 Christi
836 2863 965 2928 mortem,
980 2857 1150 2930 Christiane,
1237 2891 1238 2950 t

243 3098 249 3127 ¹
265 3096 469 3155 «perlectorum,
479 3114 490 3140 l
499 3094 636 3158 desjustes.
691 3089 758 3165 C'est
774 3105 819 3156 par·
831 3090 854 3140 le
868 3090 931 3162 lenit
940 3091 971 3142 de
984 3089 1077 3143 l'arhre
1088 3095 1121 3144 de
1132 3094 1158 3144 ln

228 3161 252 3233 ι’
268 3180 279 3204 r
290 3159 450 3232 Desiderium
472 3178 484 3203 n
504 3157 588 3230 Soluto
605 3156 669 3206 Tht-
690 3168 787 3265 lscrence
805 3154 839 3203 du
856 3153 913 3203 bren
933 3160 959 3203 et
976 3154 1010 3204 du
1034 3156 1086 3228 mel
1094 3169 1157 3266 ¹gire

209 3236 267 3336 gese»
280 3222 371 3272 disert:
387 3238 402 3268 «
413 3226 461 3272 Aut
480 3227 530 3284 pan
549 3227 593 3269 out
612 3231 667 3269 mo·
688 3216 1156 3351 ἀὲιὲἑῐὲιῐῦεἲόὲῐέἒξξιὲςέεῐίἒᾶῗἰὲεΐὲῃῇ
1235 3245 1236 3282 r

221 3349 276 3419 ,δι
294 3347 431 3418 Conterens
451 3344 582 3396 doemonia.
595 3361 611 3416 ¹n
632 3343 666 3393 Le
688 3339 759 3414 drvrn
781 3339 909 3403 suspendu
931 3340 1054 3390 bl'erbre
1076 3342 1109 3391 de
1130 3341 1156 3392 la

206 3425 227 3460 sr
246 3425 277 3460 ne
290 3411 320 3460 de
333 3410 358 3460 le
370 3421 440 3460 crorx
452 3413 505 3459 met
520 3406 627 3457 ensuite
642 3405 665 3455 le
686 3417 765 3460 croix,
778 3415 828 3464 que
838 3403 862 3452 le
874 3401 941 3452 salut
954 3407 993 3474 est
1003 3415 1073 3452 venn
1087 3404 1156 3478 dans
1234 3475 1235 3478 Ἴ

206 3423 307 3523 agnon.
323 3491 335 3516 ι
525 3475 530 3482 ’
684 3466 708 3516 to
729 3465 830 3516 monde.
844 3467 927 3514 Recto
938 3477 1011 3527 eujus
1035 3465 1157 3516 brochus

236 3533 246 3564 ⁴
261 3533 384 3586 «Cunctis
402 3535 476 3598 plena
496 3529 631 3583 fructibus.
650 3550 662 3576 l
683 3528 796 3592 pretium
807 3525 930 3590 pependit
942 3525 1041 3576 rumuli.
