2518 4042
481 223 572 276 samu
587 229 827 288 BONAVENTURE.

363 326 439 390 Felix
453 333 497 392 cui
511 321 653 400 licuit'suh
667 339 720 403 hoo
734 356 900 428 praeceptore

364 407 523 474 Conversari
535 417 649 498 jugiter,
667 430 695 483 et
707 422 742 484 ab
756 427 816 503 ejus
830 447 878 490 ore

361 489 416 550 Mel
430 493 542 556 coeleste
555 517 662 580 sugere,
680 503 758 583 eujus
773 525 828 586 praa
842 507 954 574 dulcore

362 571 544 636 dmarescunt
558 589 666 656 caetera,
680 582 760 665 plena
774 595 839 648 sunt
852 588 938 652 fetore
949 593 983 652 !o

364 788 431 852 Haec
444 798 472 852 ct
483 793 570 854 muita
585 795 648 856 talia
664 796 732 859 dum
746 819 826 862 mens
839 803 996 886 meditatur,

365 859 406 929 dd
423 870 577 934 reddendas
589 876 691 956 gratias
705 887 770 942 tono
784 894 964 964 praeparatur,

362 949 404 1009 Ad
420 949 588 1013 laudandum
603 955 753 1020 Dominum
768 963 856 1044 magis
870 964 1068 1044 inflammatur,

365 1027 468 1111 Sicque
480 1031 556 1094 horae
569 1037 657 1098 tertiae
669 1051 765 1100 cautus
780 1043 954 1108 terminatur.

364 1235 424 1306 Oci.
439 1239 481 1298 oei
494 1242 584 1302 anima
601 1242 701 1304 clamat
713 1245 743 1306 in
757 1247 811 1308 hoc
824 1256 907 1321 statu,

364 1314 466 1378 Crehrd
480 1318 600 1382 fundens
613 1323 746 1405 lacrymas
759 1327 812 1388 sub
825 1327 879 1390 hoc
894 1329 1027 1406 incolatu,

363 1396 490 1459 Laudans
505 1407 534 1462 et
547 1401 703 1480 glorificans
715 1425 817 1488 magno
829 1428 893 1470 cum
907 1421 1006 1474 conatu

362 1475 513 1558 Christum,
527 1481 575 1560 qui
590 1489 650 1543 tot¹
665 1487 777 1567 pertulit
790 1507 841 1549 suo
855 1509 904 1571 pro
918 1498 1006 1552 reatu.

363 1690 395 1750 iu
408 1689 460 1752 hac
473 1690 541 1753 hora
555 1695 646 1755 anima
662 1695 737 1758 ebria
750 1697 870 1774 videtur,
923 1764 928 1772 ,

362 1769 418 1832 Sed
433 1772 503 1832 circa
517 1774 659 1836 meridiem
671 1777 743 1838 calor
757 1799 843 1860 quum
857 1788 985 1861 augetur,

362 1850 398 1912 Ur
412 1854 513 1913 amoris
528 1855 646 1916 stimulis
661 1857 748 1938 magis
760 1859 923 1940 perforetur,

361 1931 423 1993 Mox
437 1932 470 1992 ah
487 1933 532 1994 illa
546 1936 636 2016 passio
650 1936 752 1999 Christi
766 1950 934 2002 recensetur.

364 2143 479 2204 Ploraos
493 2165 560 2228 ergo
573 2149 685 2228 respicit
698 2168 802 2226 agnum
817 2150 976 2230 delicatum,

363 2225 476 2304 dgnrrm
490 2227 549 2288 sine
564 2229 680 2302 macula,
694 2229 780 2310 spinis
794 2241 965 2308 coronatum,

365 2302 493 2364 Lividum
507 2307 676 2379 verberibus,
691 2311 773 2370 clavis
787 2311 964 2390 perforatum,

364 2381 416 2444 Per
429 2393 470 2445 tot
483 2384 542 2445 loca
557 2386 650 2449 lateris
664 2389 758 2450 fossa²
772 2400 956 2454 cruentatum.

366 2598 502 2662 «Siccine
517 2603 648 2664 decuerat
663 2605 771 2686 (inquit)
784 2615 812 2666 te
825 2605 978 2686 benignum

351 2682 475 2762 ‚agnum
489 2683 585 2743 mordis
600 2683 704 2746 exitum
717 2685 773 2766 pati
787 2692 844 2746 lam
856 2687 1022 2767 indiguum?

362 2759 419 2821 Sed
438 2763 478 2822 sic
491 2761 666 2843 disposueras
682 2765 792 2826 vincere
807 2766 961 2846 malignum
974 2772 996 2842 ³,

363 2841 398 2902 Et
414 2842 468 2903 hoc
482 2848 571 2903 totum
586 2842 688 2904 sactum
703 2855 746 2906 est
759 2844 795 2906 ob
812 2847 915 2909 amoris
931 2848 1056 2930 signum.

362 3056 488 3136 Namque
502 3079 551 3140 pro
564 3080 609 3122 me
621 3059 722 3121 misera
735 3081 819 3142 mam
830 3061 992 3138 tudilexisti

364 3136 459 3198 Mortis
475 3138 502 3198 iu
517 3139 644 3200 aculeum
658 3139 748 3202 sciens
763 3141 912 3225 impegisti,

217 3488 224 3516 ι
246 3497 257 3531 .
280 3473 329 3530 τοι
354 3465 507 3532 ‚requivam
527 3465 542 3512 a
563 3469 648 3512 ctam
682 3462 716 3550 du
734 3460 1111 3575 ρῆτῑίοῐὶρέρῗῧὲᾱῖαῐοῶοι
1124 3469 1153 3516 ot

185 3545 649 3654 misstf'rissa·orreorurreroeuoe
679 3536 763 3630 oefasp
781 3536 1045 3650 ‘'dodorim-ruspare
1054 3587 1150 3647 malim
