2522 4024
442 127 687 202 snrrmuruurm.⁸
1003 153 1046 202 rer

186 247 243 322 Qui
255 269 341 340 sanus
355 255 538 332 metuensque
550 247 631 324 nihil,
647 250 696 332 qui
707 256 801 312 mente
812 249 914 332 quieta,
992 268 1042 314 255

229 329 281 402 Qui
295 327 360 402 sihi,
375 327 444 391 iium
458 329 534 403 vivit,
548 329 709 410 dempserit,
724 326 770 392 illa
781 329 858 392 dedit
870 353 878 404 ;

187 408 325 492 Quodque
337 408 390 471 sibi
404 408 535 490 dempsit,
551 409 650 472 metius
659 409 828 492 reparabitur
841 409 900 472 iiii:

226 489 336 572 integra
351 510 418 551 mor
428 490 528 571 capiet,
539 490 588 571 qui
602 490 720 572 peritura
735 489 819 552 dabit.

186 565 303 631 Condita
317 590 383 631 nam
395 569 467 632 eoeiu
480 589 537 630 nun
551 569 606 642 sur,
622 589 679 636 nou
691 569 796 632 auferet
809 570 906 644 hostis,

225 649 287 712 Non
302 650 377 712 tinea
389 657 436 711 aut
449 649 558 732 pluviae,
575 649 742 732 flammaque
754 659 847 732 carpet
856 651 946 716 edax:
988 672 1040 718 uso

186 727 262 790 coelo
276 736 371 792 autern
382 730 496 802 euudes,
512 729 647 813 quidquid
661 751 710 810 pm
720 731 833 792 nomine
845 730 957 807 Christi,

224 809 368 872 Christum
382 811 541 891 respiciens,
560 810 724 892 pauperihus
737 809 852 872 tribues.

185 886 248 962 uui,
255 899 327 1030 post
336 900 486 973 assumptae
499 891 589 952 earnis
599 891 738 972 mysteria,
752 891 835 952 dieit:

228 991 243 1027 a
279 969 404 1033 estiorin
418 970 511 1046 nudis,
527 969 694 1033 subleveriu
706 971 826 1042 miseris,

186 1045 284 1110 Visitor
295 1049 324 1110 in
338 1051 452 1125 claudis,
466 1071 547 1112 curer
559 1051 685 1114 consutus
698 1052 727 1112 in
741 1051 833 1136 aegris,
987 1071 1036 1115 ass

144 1191 151 1200 ,
224 1129 345 1210 Adiuvor
357 1131 385 1192 in
397 1131 496 1213 parvm,
513 1140 640 1217 protegor
654 1132 683 1194 iu
694 1130 802 1203 viduis3

184 1207 427 1350 Etguodeumque
437 1211 504 1280 iacis
516 1211 635 1286 miseris,
647 1211 691 1274 vel
705 1229 761 1272 non
771 1209 848 1284 facin,
860 1209 928 1272 iliud

246 1289 311 1353 rede
323 1291 392 1353 mihi
406 1291 478 1366 heri,
492 1291 536 1354 vel
549 1291 620 1354 mihi
633 1311 690 1352 non
704 1289 774 1353 fieri.
789 1313 805 1351 r>

183 1367 222 1429 he
235 1389 273 1432 ne
288 1374 450 1452 pauperiem
463 1390 567 1454 pauper
581 1371 751 1454 pretendere
765 1370 866 1455 possis,

222 1447 257 1510 Ut
269 1451 366 1513 eoler1
382 1451 492 1534 injustae
504 1451 585 1513 detur
596 1451 726 1525 araritiae,
804 1525 808 1532 Ι
979 1467 1029 1515 270

184 1525 214 1588 Si
226 1529 275 1590 tihi
289 1550 347 1592 non
360 1532 462 1594 fuerint
474 1539 601 1613 sumptus
614 1552 684 1614 quos
698 1531 797 1614 quaerit
817 1551 933 1616 egenus,

221 1607 283 1671 Non
295 1609 385 1686 eihus,
396 1619 444 1674 aut
456 1611 544 1674 calida
555 1619 609 1686 est,
626 1618 680 1694 quir
692 1612 826 1691 foveatur,
843 1634 924 1694 aqua,
939 1623 942 1626 '

184 1686 273 1759 Quum
289 1692 378 1772 peseit
387 1691 496 1773 gelidus
506 1692 603 1754 sitiens
614 1693 667 1754 suh
680 1693 795 1754 nomine
808 1691 920 1768 Christi,

222 1769 336 1834 Ohiatus
350 1772 450 1854 poterit
461 1772 574 1854 praemia
586 1772 658 1834 terre
671 1772 742 1837 calix
751 1778 773 1833 ².

183 1846 250 1924 Huc,
262 1872 317 1932 quo
327 1853 447 1934 quisque
459 1859 549 1932 putes,
563 1853 696 1914 miserum
707 1853 796 1914 solare
807 1861 969 1935 rogantem,
985 1871 1035 1916 275

220 1930 265 2006 Et,
281 1932 305 1993 si
320 1931 458 1996 defuerint
472 1945 598 2005 munera,
615 1940 678 1994 vota
693 1932 793 2004 dahis3

182 2009 243 2091 Ipsa
256 2015 361 2076 etenim
371 2021 438 2076 aute
450 2012 542 2075 Deum
553 2031 610 2074 nun
624 2021 667 2074 est
681 2011 801 2094 peritura
813 2011 950 2087 veluntas,

221 2091 252 2155 Si
266 2091 339 2157 hane
352 2111 410 2158 nun
421 2091 532 2175 poterit,
548 2091 597 2176 qui
609 2091 682 2156 hene
693 2089 737 2154 rel
749 2091 853 2175 cupiet.

396 2281 460 2332 vlt.
477 2283 595 2352 (luntre
611 2253 829 2347 t’tmpneriai

182 2417 322 2507 Praecipiti
332 2421 409 2506 largo
421 2441 506 2487 venas
517 2425 683 2509 perfundere
696 2425 761 2487 vino

219 2505 340 2586 Respue,
355 2523 391 2565 ne
402 2506 504 2586 raptim
517 2505 582 2568 vina
595 2525 701 2568 venena
714 2506 801 2568 suant.
983 2523 1035 2569 uso

181 2585 215 2648 Ut
226 2585 321 2646 nimiis
331 2584 441 2666 quoties
453 2586 511 2648 sitit
524 2585 637 2648 ustibus
649 2585 723 2648 aritia
736 2586 819 2647 tellus

219 2664 313 2726 Soleus
326 2664 472 2728 intinctus
485 2681 567 2748 quarn
583 2674 659 2761 parat
668 2663 800 2746 agricola,
910 2725 912 2734 .

119 2773 122 2782 ’
182 2743 865 2888 ⁵¹titt:itatathttttttttttttt
954 2789 956 2797 ‘

183 2906 308 2968 Protinus
324 2913 457 2968 etsentes
469 2913 497 2968 et
509 2907 635 2988 gramina
648 2905 731 2967 noxia
743 2873 838 2976 mhssi,
981 2925 1031 2970 ass

217 2985 378 3048 Seminibus
389 2987 480 3060 vietis,
493 2989 567 3048 heu!
585 2985 658 3048 maiia
672 2985 734 3048 laeta
747 2990 757 3024 ⁴
772 2986 860 3058 seren

181 3065 297 3150 Corpora
310 3067 351 3129 sie
364 3066 454 3146 multo
465 3065 642 3148 fuerintque
656 3065 747 3129 dedita
761 3066 836 3140 vino,

125 3297 133 3330 ¹
149 3295 247 3356 rumor,
259 3315 271 3342 υ
281 3297 407 3360 praetexte,
416 3308 516 3346 excuse.
606 3296 617 3326 ³
635 3315 647 3340 ι
660 3295 686 3345 Si
698 3295 809 3348 irrorent
818 3293 940 3355 madidos,
950 3297 1031 3349 ete.»

127 3359 161 3404 ἰ
181 3359 282 3412 oblatus
316 3357 408 3422 peterit
435 3357 541 3421 praemia
573 3357 593 3412 si
616 3357 710 3420 u¹epais
731 3370 827 3422 nuages
845 3357 965 3428 emanent
989 3355 1033 3407 des

103 3421 157 3475 arra
166 3421 226 3474 estix
240 3422 283 3471 ssi
294 3425 322 3471 tu
334 3422 411 3472 ethes
419 3425 540 3485 hiemps,
570 3419 641 3484 j0urs
653 3419 771 3472 humidas
779 3425 805 3470 et
814 3418 942 3482 pluvreux.
977 3437 980 3444 ·

101 3491 123 3536 tr
144 3496 241 3548 parmas
272 3483 343 3543 avoir
375 3483 400 3535 la
438 3485 539 3537 receru-
597 3481 727 3598 ᾧιΜειΙὲ
743 3481 801 3534 laeta
819 3493 870 3532 »se
885 3481 1033 3546 rapportet

102 3559 170 3614 pense·
575 3565 586 3592 ⁸
623 3557 675 3598 rra·
691 3563 712 3614 i)¹
