2542 4038
177 261 224 307 482
488 255 577 309 ADAM
595 253 636 307 oli
650 255 885 308 silut-vle‘tott.

179 357 249 425 Quid
263 371 347 430 ugnus
362 356 420 412 sine
432 357 549 427 macula,

178 428 248 496 Quid
259 427 371 486 haedus¹
387 427 443 500 typi
456 428 581 498 gesserit,

179 501 274 555 Nostra
288 513 408 572 purgans
423 498 538 570 piacula,

179 571 292 627 Messias
305 569 384 625 nobis
396 571 492 641 aperit.

178 722 231 776 Per
245 727 359 778 mortem
373 736 422 777 nos
435 718 582 778 indebitam

179 789 265 847 Solvit
276 809 291 849 a
304 799 392 848 morte
406 791 511 862 debita;

177 861 300 920 Praedam
315 871 423 936 captans
437 860 588 924 illicitam2.

152 933 157 938 '
180 935 275 1014 Praeda
288 935 409 1007 privatur
425 933 509 989 licita.
530 1003 533 1010 ι

688 354 782 411 Carinis
796 355 868 410 delet
883 355 1027 427 opprobria

691 426 760 483 Caro
774 427 879 497 peccati
894 426 1002 497 nescia;

689 498 737 553 [tic
749 498 881 553 telloneus
896 497 977 553 tertia

689 567 774 624 Corda
788 567 931 624 confirmat
946 567 1029 625 dubia
1037 567 1059 623 ³.

690 718 712 775 0
728 735 801 774 mors
814 717 913 775 Christi
926 717 1055 790 mirilico,

678 790 730 846 ‘Tu
738 789 845 845 Christo
859 805 910 844 nos
922 789 1042 844 viviticat

689 860 760 917 llors
773 861 855 916 morti
866 875 921 916 non
934 859 1061 930 obnoxia,

689 935 733 987 Da
744 930 822 988 nobis
831 932 895 987 vitae
906 931 1033 1002 praemia!

395 1151 474 1198 Vm.
490 1151 536 1198 lte
550 1149 800 1200 &suffectione
823 1151 964 1200 nomint.

180 1293 271 1354 Ecce⁴
284 1293 342 1350 dies
357 1293 471 1351 celebris
478 1312 487 1364 ;

146 1375 150 1387 ’
183 1368 241 1424 Lux
250 1365 373 1424 succedit
384 1365 514 1435 tenebris,

183 1437 262 1494 llorti
275 1435 447 1493 resurrectio.

182 1617 261 1678 Laetis
272 1616 370 1674 cedant
380 1615 477 1686 tristia,

182 1692 271 1761 Quum
284 1688 320 1743 sit
331 1687 416 1758 major
428 1687 512 1756 gloria

182 1764 271 1836 Quem
285 1758 372 1831 prima
386 1757 516 1815 conlusio.

183 1931 310 1990 Umbram
324 1930 394 2002 lugat
406 1930 514 1999 veritas,

181 2005 343 2060 vetustatem
358 2001 473 2062 novitas.

182 2076 300 2130 Luctum
315 2072 472 2129 consolatio.

182 2253 287 2311 Pascha
299 2267 398 2308 novum
410 2251 492 2307 colite
504 2268 511 2306 :

184 2323 262 2394 Quod
272 2322 351 2395 praeit
362 2321 391 2376 in
406 2322 496 2393 cupito

694 1294 810 1351 llemhre
822 1293 956 1366 sperent5
971 1294 1088 1366 singula.

690 1443 815 1503 Pascha⁶
826 1451 948 1502 nostrum
959 1444 1086 1502 Christus
1096 1453 1150 1517 est,

691 1518 744 1585 Qui
758 1534 807 1590 pro
821 1517 899 1574 nobis
912 1533 1006 1588 passus
1018 1522 1072 1586 est,

691 1589 783 1662 Agnus
797 1587 855 1644 siue
870 1589 984 1645 macule.

689 1738 797 1806 Hostis⁷
811 1738 858 1812 qui
873 1754 922 1795 nos
935 1739 1043 1808 circuit,

689 1811 813 1867 Praedam
829 1809 951 1866 Christus
965 1811 1055 1867 eruit:

690 1882 768 1948 Quod
781 1886 893 1938 Samson
906 1882 1062 1952 praecinuit,

689 1955 758 2011 Dum
771 1954 878 2010 le'onem
892 1953 1020 2010 lacerat³.

691 2103 779 2160 David
789 2101 866 2160 fortis
878 2103 981 2162 viribus

690 2179 714 2234 Α
728 2174 815 2231 leonis
828 2174 963 2247 unguibus

690 2249 725 2305 Et
738 2245 770 2303 ab
784 2247 840 2301 ursi
854 2245 977 2304 faucibus
1108 2293 1112 2299 .

691 2321 811 2391 Gregern
822 2316 908 2374 Patris
920 2317 1027 2376 liberat.

218 2510 258 2552 ¹«
281 2505 384 2571 Agnus,
407 2504 504 2555 haedus.
525 2523 537 2550 »
560 2504 643 2568 voyez
667 2505 1132 2574 l’hymneddcoenomcantiprat-idi,

184 2571 296 2626 l'Ercode‚
307 2571 352 2620 ch.
367 2583 411 2631 xu,
425 2581 452 2618 u.
468 2573 494 2619 5.

216 2633 228 2664 ¹¹
246 2632 387 2697 «captans.
400 2650 411 2676 ι
425 2631 551 2681 Seue-ent.
566 2649 577 2673 α
591 2630 645 2679 dia-

667 2582 730 2660 pape
748 2573 788 2619 63.

729 2651 741 2675 ι
749 2632 795 2680 Les
803 2631 870 2681 deux
879 2632 994 2696 strophes
1005 2632 1133 2686 servantes

183 2695 286 2746 bolus.»
299 2693 478 2744 -«Praedam
494 2691 642 2744 illicitam.»
667 2692 825 2743 rcnlerment
843 2699 932 2756 quatre
951 2708 1009 2744 vers
1029 2694 1061 2745 de
1078 2705 1133 2760 sept

185 2759 268 2821 Voyea
279 2771 344 2822 page
354 2760 407 2814 tte,
422 2763 480 2805 note
492 2758 516 2805 5.

667 2754 775 2817 syllabes
793 2755 837 2818 qui
862 2762 906 2806 out
928 2756 953 2804 la
977 2756 1132 2818 penultimae

216 2822 227 2852 ³
246 2839 257 2864 a
274 2821 354 2869 corda
376 2818 460 2868 dubia.
483 2836 494 2861 ι
517 2818 641 2868 sous-ent.
666 2816 751 2866 breve.
767 2817 881 2868 Lestrois
895 2818 1018 2879 premiers
1036 2819 1133 2872 riment

186 2902 197 2928 ι
211 2881 272 2932 disci
290 2881 424 2932 olorum.»

666 2879 804 2940 ensemble,
814 2879 983 2942 lequatrieme
996 2881 1062 2929 rime
1071 2895 1132 2932 avec

216 2943 227 2976 ⁴
245 2960 260 2990 <r
304 2957 317 2991 s
337 2944 397 3004 cinq
418 2941 555 3004 premieres
577 2947 644 2990 stro-
669 2941 692 2990 le
711 2942 853 3003 quatrieme
865 2941 896 2992 de
916 2942 942 2992 la
958 2943 1061 3005 strophe
1076 2955 1130 2994 cor-

184 3007 248 3070 phes
274 3011 320 3054 ont
351 3004 374 3052 le
408 3004 492 3054 meme
522 3004 644 3067 rhythme
667 3003 843 3066 respondente.

187 3081 237 3132 que
253 3066 417 3130 lesstrophes
437 3065 472 3113 du
489 3065 560 3128 Veni,
573 3079 645 3114 rene·
700 3068 712 3095 ⁸
731 3085 742 3110 ι
766 3065 873 3114 Leonem
893 3066 994 3116 lecerat.
1013 3085 1025 3110 ι
1046 3066 1131 3130 Voyet

187 3140 209 3179 te
232 3129 357 3192 Spiritus.
380 3128 469 3190 lopez,
497 3139 561 3190 page
576 3130 644 3190 tol,
670 3127 705 3176 les
719 3129 809 3190 Juper,
820 3129 863 3178 ch.
879 3141 929 3190 xrv,
942 3143 967 3177 v.
988 3132 1002 3180 5
1016 3134 1042 3178 et
1058 3131 1083 3178 6.
1096 3131 1130 3180 Le

187 3197 245 3242 110oe
265 3195 287 3239 l.

669 3189 721 3238 lion
740 3189 841 3239 deentre
862 3203 907 3252 par
928 3190 1033 3240 Samson
1049 3197 1087 3241 est
1105 3191 1130 3241 la

218 3255 230 3284 ὅ
248 3272 260 3296 u
277 3251 372 3316 Capite.
391 3249 517 3322 membra.
532 3251 644 3313 oveten,
670 3251 751 3315 figure
770 3251 803 3322 du
820 3252 913 3302 demon
924 3251 1014 3302 vaincu
1030 3266 1076 3314 par
1089 3252 1130 3303 ld-

186 3329 250 3394 page
258 3319 316 3379 481,
335 3322 393 3364 note
403 3317 427 3363 5,
440 3339 465 3350 -
481 3315 644 3375 «sperent»
670 3314 819 3385 sus-Christ.
837 3315 871 3363 lte
888 3315 913 3362 ld
932 3327 973 3363 ces
989 3315 1087 3378 parolus
1098 3315 1130 3366 dc

187 3375 647 3501 attrectataeterren
670 3375 1131 3501 retrocedentemtu

188 3501 282 3561 thiens,
293 3501 334 3549 ch.
344 3513 385 3550 xv.

671 3505 710 3550 ter
730 3499 853 3562 diabolus,
875 3505 997 3562 tanquam
1022 3500 1062 3550 leo
1083 3515 1129 3550 ru·

215 3563 227 3594 ⁸
255 3581 266 3606 ι
288 3565 381 3614 Pascha
397 3569 512 3612 nostrum
533 3560 648 3612 christus
670 3561 742 3626 piens
753 3561 852 3628 circuit,
861 3573 977 3624 quaerette
993 3575 1073 3624 quem
1085 3561 1129 3616 de-

184 3632 230 3686 est,
258 3631 305 3674 etc.
327 3643 338 3670 n
362 3625 445 3688 votet
472 3625 508 3675 let
528 3631 599 3676 notes
616 3623 647 3674 de
684 3627 767 3676 voret.
787 3643 802 3670 ᾳ
