2562 4028
190 262 239 316 ato
462 269 464 315 ί
480 263 596 314 PAULlN
613 263 653 314 DE
668 253 854 314 PERIGUEUX.

288 364 380 435 Quum
395 362 486 426 subitd
500 371 563 426 ante
575 365 669 426 oeulos
689 363 763 444 largt
777 365 904 426 mercede
913 359 1050 446 benignus
1065 364 1076 408 ¹

287 441 411 522 Adstitit,
427 436 512 524 inque
524 465 574 507 suo
586 444 826 524 vestituspauperc
837 441 963 506 Christus
1105 459 1140 504 90

291 522 402 606 Aptavit
412 523 528 614 propriis
540 523 629 584 felicia
639 523 760 604 tegmina
774 521 916 584 membris.

289 601 312 664 0
327 600 390 664 verd
403 612 521 684 pretiosa
535 601 675 683 chlamys!
694 601 762 683 quid
776 602 829 662 tale
846 598 891 662 vel
903 611 977 664 ostro

197 683 200 688 '
284 679 335 742 Vel
344 682 427 745 ducto
440 680 469 744 in
482 681 561 746 filum
571 684 661 763 pensis
673 681 845 762 rutilantibus
860 702 938 759 euro,
987 731 1008 748 .,

286 761 413 852 Insignes
427 783 552 824 meruere
565 761 695 822 habitus?
706 761 773 842 quid
785 761 871 822 serica
886 768 959 822 tactu

288 839 388 913 Laevra,
405 841 447 904 vel
461 841 541 904 docte
559 840 694 921 expressis
706 840 824 902 viventia
837 839 945 922 signis?
1099 857 1139 902 as

288 919 336 981 llle
346 920 495 981 hominurn
510 926 642 1010 terreque
653 919 738 998 Deus,
750 921 894 1000 pontique,
910 919 1032 1000 polique,

287 999 390 1060 Omnia
422 999 451 1060 ui
460 997 564 1071 tribuit,
584 1020 643 1060 srne
657 1020 713 1080 quo
727 999 808 1069 nihil,
824 995 937 1079 ipsaque
950 999 1029 1078 cujus

287 1073 355 1148 Ouae
365 1019 502 1152 dedimus,
518 1079 559 1140 vel
571 1078 618 1160 qui
631 1079 767 1149 dedimus,
780 1077 951 1158 donumque,
962 1077 1107 1159 datorque,

288 1157 407 1240 Haoope
421 1157 534 1233 ditatur,
548 1165 676 1219 numeret
685 1159 708 1218 si
719 1157 794 1218 lucra
805 1155 910 1221 salutis.

288 1233 346 1299 Nec
357 1246 451 1300 tamen
463 1234 529 1314 hino
542 1238 639 1299 saltem
654 1236 779 1298 stabilem
791 1233 921 1317 jactantia
933 1247 1055 1298 mentem
1089 1252 1141 1298 roc

288 1315 427 1391 Consulit,
444 1325 603 1378 audradum
617 1317 751 1398 persensit
762 1313 844 1377 corde
861 1321 1009 1379 tumorem.

287 1393 311 1456 0
324 1393 411 1458 virtus
424 1395 542 1476 pretiosa
553 1395 621 1469 Deo,
632 1394 674 1456 nil
688 1397 787 1457 ducere
797 1395 872 1457 laudi

213 1523 217 1532 ,
288 1473 380 1546 Quum
393 1471 529 1538 laudanda
544 1493 632 1556 geras,
647 1495 700 1536 nec
709 1481 803 1536 nostro
813 1473 966 1536 adscribere
978 1469 1049 1536 lactc

287 1549 356 1626 Quae
371 1551 498 1628 lauimus,
515 1562 668 1636 cunctoque
678 1555 770 1617 Deum
784 1554 922 1616 laudarier
930 1554 1007 1616 actu!

335 1771 374 1819 ΙΙ.
391 1769 588 1818 Innocentium.
604 1768 697 1815 salut
711 1767 831 1815 Martha
856 1767 1032 1816 ressusclte
1048 1779 1094 1813 uu

598 1831 840 1880 catechumene.

290 1999 341 2062 llic
353 1999 436 2062 modd
448 1997 470 2060 si
486 2007 609 2061 uotorum
628 1997 781 2060 recolamus
795 1997 914 2057 carmina
928 2001 1021 2056 vatum
1093 2011 1143 2055 roo

288 2079 382 2150 Quum
391 2079 482 2140 subitd
494 2079 624 2140 attonitos
638 2083 782 2160 quaterent
792 2076 923 2137 miracula
937 2091 1044 2146 sensus

288 2157 425 2219 Clamaret
439 2158 571 2218 miserum
582 2176 676 2218 vecors
690 2157 795 2216 insania
810 2157 820 2190 ²
833 2154 980 2228 Phoebum,

289 2237 347 2298 Neo
360 2235 461 2298 sineret
470 2236 551 2298 sulcas
565 2237 663 2300 saltem
677 2237 848 2316 requiescere
856 2235 961 2304 Musas,

203 2361 206 2366 -
291 2315 422 2398 Delphica
438 2317 575 2376 'mentito
587 2315 897 2398 quaterenturltpollina
910 2312 1021 2396 templa,

220 2421 223 2428 ¹
292 2395 451 2475 Cunctaque
459 2395 604 2455 surdarum
619 2403 759 2476 raperetur
773 2393 851 2454 turha
862 2411 999 2465 sororum,
1092 2412 1142 2456 rrc

292 2473 408 2536 excita·
422 2474 448 2535 ui
462 2484 552 2535 toturn
562 2475 731 2556 complerent
746 2483 866 2534 monstra
881 2471 1012 2534 furorem.

290 2552 359 2626 Nos,
376 2553 474 2645 quibus
489 2573 504 2614 a
518 2553 625 2616 Christo
639 2573 737 2614 sensus
750 2553 794 2613 vel
807 2553 889 2612 verba
901 2559 1042 2633 petuntur,

291 2631 462 2704 Christicola.
478 2633 594 2724 inspires
608 2634 731 2715 paulum,
748 2631 873 2702 llartine,
891 2651 1044 2712 precamur,

234 2769 238 2776 ,
292 2712 334 2774 Tu
348 2714 395 2794 qui
410 2713 545 2775 delunctrs
559 2713 670 2794 potuisti
681 2713 795 2772 reddere
810 2712 903 2782 vitam,
1050 2773 1053 2780 ,

291 2791 401 2854 Auxilio
414 2793 526 2854 Domini
540 2793 636 2863 fultus,
653 2792 723 2853 mihi
736 2791 821 2852 redde
836 2790 984 2850 salutent‘.
1090 2808 1143 2854 rrs

200 2877 201 2880 ’
294 2871 729 2954 Primusego⁶indultaefaoiarn
744 2871 874 2932 miracula
891 2870 964 2932 vitae.
1104 2873 1108 2880 '

228 3085 266 3148 ¹¹«
279 3085 651 3149 mrgsmeroeoeoonrgnus.·
691 3051 1097 3146 reuntrrrcumprooeuupnei
1112 3081 1148 3130 au

195 3143 260 3198 calui
290 3145 316 3196 ut
326 3143 422 3210 signate
436 3159 462 3196 sa
472 3145 547 3197 boote
564 3160 609 3212 par
622 3143 652 3196 de
691 3159 751 3196 nom
764 3147 794 3196 de
805 3145 861 3216 leur
872 3143 978 3206 Apellon
989 3151 1117 3194 monteur.

195 3207 655 3321 mllmorllldllllllfficon
692 3207 1150 3331 olibanum.retributa?

196 3292 307 3389 inscicia,
322 3339 381 3404 etc„
392 3351 404 3375 ι
417 3330 474 3380 leur
490 3331 548 3402 solbe
560 3331 653 3402 ipressc
692 3330 753 3380 tiers
763 3331 822 3378 d'un
834 3330 962 3392 lougueux
975 3329 1063 3378 deliro.

196 3395 381 3468 incoquermtt
392 3389 485 3456 grands
496 3405 555 3462 orrsp
567 3391 598 3439 tls
614 3395 653 3438 tn·
724 3391 928 3500 :asplutemplc
936 3390 1152 3504 caliptlcdsb'edmpp:

196 3454 499 3626 poppefpppeenpvbgpnpes
519 3450 653 3563 illieriirii
692 3464 1151 3574 mreij’ciriiiiirigiieiopreintrabu-

216 3571 307 3628 lrdbus.
692 3574 1066 3638 leuxd'nnevrcracbeteepar
1075 3575 1152 3652 tplule

228 3637 239 3671 ⁵
255 3659 266 3683 o
280 3637 472 3705 Delphioaoto„
483 3657 495 3683 υ
507 3631 537 3716 ils
546 3633 654 3712 leraieut
691 3648 729 3692 ses
739 3630 839 3712 peones
