2582 4028
400 159 494 212 sinin
510 159 648 214 tantuna
664 160 871 221 nnoolrntun.
1058 159 1104 210 ‘tot
1148 225 1150 232 Α

248 255 316 318 Tam
330 247 408 347 nona
419 275 559 396 ignemque
571 255 672 320 docent
686 247 784 346 sectari
799 273 880 346 posse
890 261 989 346 suopte
1066 263 1117 322 ttor

176 409 178 413 .
248 335 375 418 ingenio,
389 355 425 418 qu
445 356 473 398 m
487 355 568 418 posse
581 335 675 398 subest
686 351 790 417 curque
802 355 831 398 rn
843 335 914 410 meta
925 333 1001 408 terri.

287 495 368 567 Quod
379 495 427 577 qui
439 483 596 569 confirmas,
610 498 724 588 quinam
738 494 852 557 distabis
863 493 897 554 ab
909 486 978 564 iilis,¹

251 575 305 648 out
318 575 418 638 dicunt
433 575 509 638 nullo
523 583 628 658 peccati
640 575 754 638 vulnere
768 575 866 652 laesum

248 655 377 718 Naturale
390 653 508 728 bonum,
522 675 641 738 cumque
654 654 700 717 illo
713 654 819 718 lumine
830 651 905 716 nasci

248 735 329 796 Nunc
341 754 438 796 omnes
447 731 585 805 homines,
595 733 669 816 quod
677 733 773 817 primis
783 734 974 816 ingeneratum
988 731 1048 792 esti
1066 744 1099 790 aa

247 816 293 876 An
303 815 369 876 verd
382 815 504 894 excerpis
517 813 655 895 quaedam,
669 834 741 896 quae,
756 821 832 898 parte
846 813 933 874 recisi
944 815 966 892 ¹,

248 893 401 978 Suscipias,
416 895 560 978 cordisque
575 893 637 955 sinn
650 901 763 976 purgata
775 893 927 956 recondas?

139 983 143 990 '
247 973 298 1034 nic
310 972 395 1054 igitur
405 973 537 1054 quidnam
549 973 614 1036 inde
627 972 735 1054 probes,
750 973 816 1055 quid
829 973 894 1034 verd
909 968 1021 1040 refutes,

164 1105 172 1108 ,
186 1119 193 1130 ,
249 1053 283 1114 Et
295 1051 330 1114 de
342 1051 477 1114 damnatis
490 1051 556 1134 quid
568 1051 614 1126 sit,
626 1051 699 1132 qood
711 1051 826 1114 crimine
837 1051 944 1114 solvas?

249 1132 292 1192 An
304 1131 427 1192 dextram
438 1131 514 1214 pacis
526 1131 638 1216 palam²
651 1131 715 1194 dare
727 1139 755 1193 te
767 1131 852 1214 pudet
864 1129 955 1192 hosti?
1052 1141 1104 1191 too

250 1209 308 1272 Nec
321 1218 410 1272 tutum
421 1220 463 1272 est
476 1211 531 1272 ulte
545 1211 638 1293 pulsos
650 1230 684 1272 ex
695 1218 772 1294 parte
785 1211 857 1272 tueri

249 1289 418 1372 Simpliciter
428 1290 459 1350 ³?
470 1287 545 1360 Quos
557 1309 614 1352 non
626 1289 735 1352 dubitas
747 1289 893 1352 excludere
906 1291 1018 1374 templo,

251 1368 327 1432 Pelle
341 1367 445 1431 anirno.
459 1371 537 1432 Nova
551 1376 579 1432 te
591 1369 726 1432 discordia
737 1368 834 1431 dividit
846 1369 953 1436 abste:

188 1518 193 1526 Ι
249 1447 339 1510 Corde
350 1447 436 1522 toves,
449 1448 524 1532 quod
538 1449 568 1510 in
580 1469 627 1510 ore
639 1449 741 1540 premis
755 1461 766 1510 ι’·
776 1451 877 1530 conjun
898 1455 965 1510 eret
979 1449 1075 1514 amicis

247 1527 401 1610 Mentibus,
414 1536 441 1590 et
454 1538 546 1590 tecum
559 1528 665 1610 cupidis
679 1548 843 1610 componere
856 1535 866 1568 ⁵
879 1469 970 1592 ioedus
1053 1547 1100 1591 roo

221 1613 223 1618 '
250 1607 324 1690 Lege
337 1613 384 1670 tud
397 1631 403 1668 z
415 1607 473 1690 jam
485 1628 565 1691 parce
577 1605 672 1682 minis,
686 1617 713 1670 et
724 1628 845 1692 congrue
858 1609 954 1692 pactis.

399 1797 438 1846 u.
455 1796 504 1844 La
517 1799 616 1858 grace
631 1801 665 1844 et
680 1797 711 1844 le
726 1797 810 1846 litare
826 1796 960 1846 arbitre-

290 1935 420 1998 inviolata
433 1935 484 1996 Dei
534 1935 636 1996 ondam
648 1941 676 1996 et
686 1934 811 1998 sublimis
822 1937 917 2016 imago

250 2015 283 2079 ln
298 2017 387 2098 primo
400 1954 608 2094 cunmiiiimus
619 2022 706 2096 patre,
719 2014 788 2076 dum
799 2033 913 2076 nemore
924 2014 996 2078 aimo
1048 2057 1051 2064 -

253 2096 346 2178 liegii,
361 2103 389 2156 et
403 2095 493 2156 edicto
508 2113 608 2177 pareus
621 2101 700 2156 cavet
713 2093 855 2156 arboreab
870 2099 936 2156 und.

169 2197 186 2204 ··
252 2176 448 2258 Atpostqoam
461 2175 542 2255 rupti
564 2172 709 2236 mandatil
742 2175 922 2256 csuperhnm
1057 2184 1105 2236 tto

195 2273 198 2280 ’
251 2255 406 2319 Consilium
421 2253 538 2316 mixtum
551 2251 662 2315 inridiae
672 2252 706 2315 de
730 2259 794 2314 onte
808 2256 921 2338 recepit,

204 2391 207 2396 .
234 2334 372 2406 -Corruit,
385 2333 517 2410 etcuncti
530 2332 614 2394 simul
628 2331 659 2392 in
671 2333 796 2414 genitore
810 2335 925 2398 cudente

251 2415 430 2486 Cocceianum
442 2411 604 2480 transcurrit
617 2412 692 2474 enim
703 2417 714 2452 ⁸
727 2412 816 2476 virosa
830 2435 879 2497 per
891 2433 989 2479 omnes
1069 2429 1072 2436 '

174 2507 178 2510 ·
236 2493 360 2556 'Peccati
372 2492 500 2570 ebrietas,
514 2491 634 2576 corrupti
647 2500 674 2554 et
688 2493 777 2559 cordis
791 2494 820 2558 in
834 2494 895 2558 atro

190 2724 199 2754 ¹
218 2741 230 2767 ι
242 2721 319 2770 Parte
331 2719 420 2770 recise.
433 2736 445 2763 ι
464 2718 502 2768 De
514 2717 539 2767 la
549 2718 621 2769 vient
651 2717 719 2768 Voici
730 2733 766 2769 un
774 2721 868 2772 extrait
878 2722 914 2772 du
922 2722 985 2776 livre
996 2725 1027 2777 de
1039 2729 1106 2782 saint

155 2785 237 2882 (ιη’-οη
248 2783 305 2855 leur
315 2795 330 2832 a
339 2781 422 2832 donne
432 2781 528 2834 lenoni
538 2780 620 2831 dese-
650 2780 763 2894 intem,
776 2782 892 2898 iliiiimelii
906 2787 1033 2900 Αάυςτεὲιε
1049 2793 1104 2843 Got-

158 2844 364 2955 ωιίιίιέὲᾶεῗὲῗβ»
378 2903 402 2953 Si
413 2903 621 2968 cechaugement
648 2855 808 2954 ricnmriqa
825 2858 854 2956 elie
871 2861 989 2976 passseitiili
1012 2865 1027 2958 ἒ
1034 2866 1105 2966 iiiii]

157 2970 189 3042 de
204 2965 621 3038 quantitenepleitpasonpeut
647 2978 707 3014 rum
750 2967 885 3040 arbitrium
909 2973 972 3042 ¹(2ex
1003 2986 1105 3048 peccato

158 3032 205 3081 lire
222 3041 385 3092 «pacemque
403 3027 511 3090 odierno
525 3039 558 3076 au
568 3028 619 3079 heu
646 3027 745 3090 Adam)
758 3029 820 3082 brhrt
846 3043 964 3084 omniurn
984 3038 1104 3090 vitiorum

162 3094 221 3142 de«
240 3090 312 3202 &acis
323 3091 431 3154 ptam.»
459 3145 462 3153 A
490 3147 491 3151 Ἰ
528 3135 530 3140 ,
647 3095 796 3161 venenum,
824 3099 850 3144 et
877 3101 957 3146 totam
986 3106 1104 3151 naturam

190 3156 229 3198 ἀ
264 3152 299 3202 nt
308 3165 339 3202 ex
347 3155 441 3214 parte»
455 3149 567 3200 retomhe
576 3163 620 3200 sur
647 3148 758 3201 hominis
803 3153 1005 3219 intemperantiae
1052 3175 1104 3212 suae

158 3217 227 3266 tucri
239 3221 266 3265 et
274 3227 326 3263 non
334 3226 379 3262 sur
387 3212 487 3276 puteos.
495 3231 544 3257 -a
555 3213 619 3262 sirn-
646 3212 769 3264 ebrietate
781 3217 922 3268 madefecit.
935 3221 996 3270 Inde
1017 3223 1102 3294 prius-

158 3277 293 3342 pliciter„
307 3280 493 3326 ourertetnent.
568 3335 572 3345 .
646 3275 724 3345 quim
739 3276 836 3327 edendo
857 3291 960 3330 carnem
982 3257 1039 3330 n‘nn
1060 3284 1118 3344 iio-v

190 3338 438 3400 ⁴«Corrjunaere.»
454 3334 594 3398 imperatis.
617 3341 631 3352 ’“
646 3348 723 3385 mrnrs
761 3345 786 3387 et
813 3339 922 3390 bibendo
952 3343 1105 3406 sanguinem

192 3400 410 3462 ³«Coruponere.
424 3413 441 3468 n¹
457 3399 502 3447 Get
513 3395 622 3447 infinitis
646 3398 708 3460 ejus,
724 3373 847 3449 iethalem
869 3401 967 3465 digerat
990 3403 1103 3456 crudita-

160 3468 199 3512 est
209 3461 263 3524 regi
276 3473 322 3524 par
335 3479 347 3504 ι
358 3458 464 3530 cupidrs.
476 3478 488 3502 n
645 3465 708 3522 tem,
728 3461 795 3510 tabat
814 3462 947 3528 memoria,
955 3467 1099 3530 'erratjudi-

192 3523 233 3567 ἰ
251 3524 412 3574 'transcurrit
430 3521 499 3570 enirn
510 3557 518 3588 ,
534 3525 582 3570 etc.
605 3539 616 3563 a
646 3522 933 3589 cianntattnoesnum.
1067 3529 1069 3534 '
