2548 4050
559 327 719 384 -105-

228 481 349 552 Hyntnes
364 479 396 533 de
411 479 436 547 ia
451 477 503 532 sete
517 477 550 531 de
564 479 632 532 saint
648 478 775 532 Venance
782 516 1024 537 ..............
1085 476 1119 548 89

283 609 316 620 -
362 578 395 631 de
411 576 435 630 la
450 576 502 630 sete
517 576 550 631 de
564 575 648 629 sainte
661 575 787 646 Juiienne
800 573 947 628 Falconieri
950 613 1024 630 .....

280 704 315 714 -
364 673 435 726 dela
450 671 549 726 setede
564 672 634 725 saint
652 671 851 742 Jean-Baptiste
858 711 970 729 .......

283 797 317 809 --
365 768 397 820 de
412 766 437 820 la
453 766 507 821 sete
523 767 556 820 de
572 768 643 820 saint
658 767 747 820 Pierre
761 769 788 820 es
803 767 869 820 liens
876 805 1028 825 .........

281 895 315 907 -
361 863 433 916 dela
451 863 504 916 sete
518 862 563 916 des
579 862 625 916 SS.
643 866 748 934 apotres
762 863 852 916 Pierre
865 874 891 915 et
912 861 1025 917 Paul...

281 991 317 1002 -
362 960 396 1014 de
410 961 494 1014 sainte
509 948 644 1014 Elisabeth
659 960 692 1013 de
706 958 835 1031 Portugai
840 998 1027 1018 ...........

280 1069 316 1100 -’-
361 1058 394 1111 de
408 1057 494 1111 sainte
515 1055 762 1112 Marie-Madeleine
767 1093 1023 1115 ..............

360 1155 393 1209 de
411 1154 437 1207 la
455 1154 688 1226 Transfiguration
694 1192 1023 1213 ...................

360 1253 394 1305 de
407 1253 592 1306 Notre·Dame
607 1250 653 1304 des
672 1251 735 1321 Sept
750 1232 885 1304 Douleurs
890 1287 1022 1308 ........

360 1349 405 1402 des
417 1349 499 1402 saints
508 1349 600 1418 anges
613 1349 736 1420 gardiens
751 1383 1024 1408 ................

360 1444 392 1496 de
406 1444 491 1497 sainte
504 1442 621 1498 Theiese
640 1481 1023 1502 .....................

360 1541 393 1595 de
407 1541 476 1594 saint
494 1541 559 1612 Jean
575 1541 686 1595 Cantius
692 1577 1022 1600 ...................

359 1637 433 1691 dela
451 1635 596 1692 Toussaint
601 1675 1022 1698 ........................

360 1734 395 1788 du
410 1751 513 1790 comm.
525 1735 571 1788 des
583 1735 709 1804 Apotres,
720 1734 783 1787 hors
796 1732 822 1785 le
833 1743 921 1801 temps
930 1729 1025 1802 pascal.

409 1862 444 1873 -
547 1861 583 1873 —
781 1847 815 1884 au
830 1841 916 1898 temps
932 1825 1027 1898 pascal.

411 1959 445 1970 -
486 1928 532 1982 des
552 1929 681 1998 Martyts,
705 1927 768 1980 hors
785 1927 810 1980 le
824 1938 911 1996 temps
931 1921 1028 1995 pascal.

417 2055 451 2067 -
557 2053 592 2066 -
784 2040 817 2075 au
830 2034 916 2092 temps
930 2018 1027 2090 pascal.

360 2123 406 2177 des
424 2121 597 2176 Consesseurs
612 2119 731 2174 Pontises
744 2131 770 2172 et
785 2134 841 2172 non
855 2117 986 2173 Pontises.
1000 2160 1024 2177 ..
1084 2131 1115 2187 91

357 2218 403 2272 des
416 2218 529 2288 Vierges
533 2253 1026 2278 ...........................
1084 2227 1114 2284 91

360 2314 432 2369 dela
447 2314 568 2368 dedicaee
582 2312 615 2366 de
631 2301 738 2384 I'Eglise
744 2352 1021 2372 ...............
1084 2324 1115 2380 91

280 2441 316 2453 -
362 2413 408 2466 des
422 2411 487 2466 setes
501 2410 573 2464 dela
588 2399 678 2464 sainte
696 2410 795 2480 Vierge
802 2447 1024 2469 .............
1084 2421 1117 2477 92

279 2537 314 2549 —
361 2509 393 2562 de
408 2505 594 2562 l’lntmacuiee
609 2507 777 2577 Conception
782 2543 1021 2563 ..............
1083 2516 1117 2573 92

280 2634 315 2646 —
361 2605 394 2660 de
413 2606 603 2661 Notre-Dame
622 2601 796 2659 Auxiliatrice
801 2641 1025 2660 .............
1084 2613 1116 2670 92

281 2732 316 2744 —
364 2703 410 2757 des
430 2705 523 2774 vepres
537 2702 583 2756 des
597 2701 661 2755 setes
681 2698 827 2755 ordinaites
849 2696 883 2751 de
897 2695 922 2749 ia
938 2695 1030 2750 Sainte

386 2800 486 2871 Vierge
493 2832 1021 2861 ..............................
1083 2807 1116 2863 92

162 2896 258 2953 Notis
267 2928 1023 2958 ...........................................
1083 2901 1114 2961 95

382 3625 511 3667 laiseino.
524 3645 548 3655 -
561 3627 742 3674 imprimentes.
756 3626 903 3676 magandan.
