2542 4038
179 117 181 122 Ι
203 165 249 214 luc
510 159 602 211 ADAM
617 157 659 209 DE
675 156 905 208 sulm-vlcrolt.

203 271 352 342 synogogae
365 267 414 323 llos
424 265 578 335 marcescit,
709 262 798 321 lesu³
809 263 906 332 victor,
920 264 1049 323 Jesurite
1061 264 1087 338 ⁴,

239 338 504 396 EtllorelEcclesin.
710 337 775 393 Jesu
789 335 992 398 rilaevietritu,

356 431 358 438 ¹
712 407 794 478 Cuius
811 413 899 463 morte
913 423 988 463 mors
1001 408 1103 480 sopite,

205 492 276 548 llors
286 496 312 547 et
327 489 403 547 vite¹
421 487 574 550 conflixere,
713 477 754 536 ud
782 476 917 534 aschalem
929 493 979 535 uos
989 479 1076 536 iuvita
1092 517 1103 528 κ

205 562 361 618 Resurrexit
373 559 493 618 Christus
504 561 578 629 vere,
774 564 940 605 ensamcum
959 549 1073 609 fiducie.

206 633 240 690 Et
253 649 316 690 oum
329 633 436 690 Christo
451 646 591 687 surrexere

242 705 318 761 llulti
331 710 413 761 testes
424 703 527 775 gloriae.

528 780 531 787 '
687 804 690 812 ·
714 781 781 837 Vive
795 779 904 863 penis5,
918 781 996 838 vivax
1010 782 1120 854 undass,

207 856 285 912 liene
300 871 401 911 novum
411 854 435 924 ²,
454 870 532 911 mene
542 857 634 912 laetum
713 853 784 908 Vera
798 860 881 908 vrtrs⁷
897 859 925 909 et
935 853 1064 924 fecunda,

208 927 399 998 Vespertiuum
411 931 497 995 tergat
510 926 614 994 fletum,
715 924 754 979 Tu
767 939 817 979 nos
829 937 921 994 pasce,
935 929 965 981 tu
978 941 1029 981 nos
1040 927 1157 998 munda,
1247 933 1248 940 ’

210 997 281 1068 Quia
294 997 350 1054 vito
360 997 428 1053 vicit
439 998 522 1052 letum
537 1015 544 1052 :
652 1041 655 1046 .
714 995 748 1052 Ul
760 1009 775 1049 a
787 1000 876 1051 morte
889 1011 939 1052 nos
953 997 1075 1054 secunde
1088 999 1101 1033 ⁸

246 1069 363 1140 Tempus
380 1073 421 1125 est
434 1067 545 1127 laetitiae.
751 1066 806 1122 Tuo
818 1065 904 1123 salvet
921 1067 1009 1140 gratie
1018 1065 1041 1124 ⁹.

214 1317 269 1362 trus
282 1312 371 1376 Cypri,
384 1313 482 1362 dcause
491 1311 522 1360 de
540 1310 565 1358 le
583 1301 667 1358 re‘sur·
725 1307 737 1338 ⁸
755 1306 839 1357 «Vive
851 1307 955 1371 panis.»
974 1307 1050 1372 lull„
1062 1309 1156 1373 chapi-

213 1375 319 1430 rection,
332 1375 414 1425 tendis
430 1387 490 1436 que,
504 1373 566 1422 dans
576 1371 599 1420 le
611 1381 668 1420 ver·
692 1375 732 1419 tre
747 1383 782 1431 v1,
799 1383 824 1418 v.
837 1373 886 1419 tl:
905 1370 950 1419 «ll
969 1384 984 1420 o
1003 1385 1062 1420 sum
1082 1373 1155 1435 penis

213 1443 252 1486 set
278 1435 323 1499 qui
342 1435 458 1499 precede,
481 1434 501 1484 il
520 1440 558 1485 est
580 1431 668 1496 appele
693 1431 768 1481 vivus
778 1431 823 1503 qui
835 1432 866 1482 de
876 1432 938 1483 melo
948 1384 1076 1484 descendi.
1089 1452 1102 1477 ι

215 1516 229 1544 ι
240 1498 373 1547 fasciculus
390 1497 510 1560 myrrhoe,
533 1515 543 1539 o
563 1495 578 1544 e
595 1507 669 1544 cause
725 1494 737 1524 ⁶
756 1495 859 1542 «Vrvax
878 1494 978 1544 unde.»
997 1497 1065 1544 Dens
1079 1496 1156 1547 lere·

216 1560 246 1609 de
270 1559 430 1609 l’amertume
453 1559 484 1608 de
509 1571 536 1608 sa
561 1557 669 1620 passion.
695 1557 756 1614 mt'e‚
766 1555 807 1605 oh.
819 1569 846 1618 n,
854 1570 879 1605 v.
893 1559 921 1606 la
927 1593 935 1618 ,
950 1556 973 1606 le
983 1557 1109 1622 Seigneur
1118 1559 1155 1608 dit

217 1621 386 1672 «ltellorescit
401 1639 412 1665 o
427 1621 472 1670 fait
490 1620 554 1669 donc
563 1618 669 1690 allusion
696 1631 728 1668 en
748 1618 849 1690 perlem
865 1617 909 1667 des
927 1619 1067 1669 israelites:
1090 1621 1155 1671 «Mc

215 1684 276 1733 dle
297 1683 475 1746 resurrection,
496 1688 522 1732 et
545 1701 556 1726 ι
578 1681 671 1730 dilata-
697 1680 775 1730 derelr
794 1685 889 1730 uerunt
912 1680 1007 1732 iontem
1025 1695 1099 1744 equae
1115 1683 1155 1732 ri-

215 1753 259 1797 tur
268 1751 294 1797 et
310 1745 455 1796 excrescit·
471 1747 490 1794 ,d
509 1745 534 1793 le
552 1755 673 1816 propcge·
697 1755 745 1791 vae.
755 1761 766 1786 n
777 1693 860 1806 iopen
867 1743 932 1792 aussi
939 1743 1154 1816 deusseintleem

216 1809 271 1860 tion
280 1809 311 1859 de
325 1809 350 1858 la
360 1807 474 1859 doctrine
486 1807 643 1858 chretrenne.
697 1805 739 1854 ch.
753 1818 787 1866 lv,
800 1819 829 1852 v.
845 1804 953 1858 10e15.
968 1803 1114 1857 l'eutretren
1125 1807 1153 1858 dc

250 1874 258 1904 ¹
278 1891 290 1916 ι
309 1871 377 1920 Mors
397 1875 422 1920 et
443 1870 497 1920 uita
519 1867 673 1930 conflixere,
697 1866 1153 1919 lesus-ChristaveclaSamaritaiue.

217 1934 380 1997 eto.»Vopez
391 1933 535 1992 leVictimoe
544 1929 675 1994 paschali,
731 1929 742 1958 ⁷
760 1929 850 1978 «Vera
870 1928 961 1978 vitis.»
980 1929 1052 1980 seint
1074 1931 1155 1994 Jean,

217 1998 465 2106 inlinunt
537 2057 589 2105 „t
697 1990 803 2102 ltu
816 2005 842 2041 v·
917 1991 994 2055 “¹³2⁰

468 2095 473 2114 s
524 2093 529 2105 ¹
591 2091 598 2104 ·
667 2089 674 2112 t
733 2103 738 2108 -
759 2087 766 2102 ·

217 2122 287 2168 md:
308 2119 366 2168 ulld
382 2131 518 2180 vesperum
534 2116 676 2168 demorabl·
732 2115 872 2164 ⁸«Morte
894 2115 1037 2165 secunde.»
1059 2119 1155 2181 Apoco-
1247 2115 1248 2166 l

217 2187 261 2230 tur
281 2179 355 2230 fletus
368 2186 393 2230 et
404 2181 435 2229 ad
446 2181 603 2229 matutinum
614 2178 677 2228 laetl-
701 2175 781 2241 lypse,
789 2178 830 2227 ch.
839 2192 880 2235 xx,
889 2191 915 2227 v.
926 2181 953 2227 ll
966 2197 992 2228 ια
1005 2179 1035 2230 Et
1042 2179 1155 2230 infernus

218 2242 263 2292 tia.
287 2261 298 2286 s
320 2241 392 2290 seint
410 2240 512 2290 Jerdme
533 2247 676 2291 cominente
701 2245 726 2289 et
744 2252 812 2289 mors
830 2239 900 2288 missi
918 2240 1020 2290 suntin
1039 2247 1155 2306 stagnum

218 2302 283 2352 elusi
306 2315 333 2350 oe
352 2309 453 2351 verset:
469 2317 482 2349 u
494 2302 532 2350 Ad
544 2316 677 2364 vesperum
701 2301 776 2364 ignis.
799 2301 858 2350 Haeo
872 2308 910 2351 est
926 2315 997 2351 mors
1017 2307 1152 2354 secunda.»

219 2363 392 2414 demorabitur
404 2362 488 2425 fletus,
504 2363 563 2424 quie
575 2376 645 2425 passo
654 2371 679 2414 et
733 2363 744 2392 ⁹
761 2363 798 2412 En
817 2363 957 2413 terminant
973 2363 997 2413 la
1016 2364 1110 2416 lecture
1125 2365 1155 2416 de

218 2425 316 2488 sepulto
329 2423 434 2474 Domino
452 2425 555 2488 apostoli
574 2431 600 2475 et
620 2440 677 2475 mu·
702 2431 766 2475 cette
776 2424 933 2536 magniligue
951 2426 1085 2491 sequence,
1095 2441 1154 2478 nous

220 2487 295 2536 lieres
313 2486 339 2536 in
351 2486 414 2537 fletu
426 2487 554 2550 etgemitu
565 2487 679 2537 demore-
704 2493 800 2536 restons
810 2487 882 2550 lrapp
898 2487 1105 2540 sd’admiretlou.
1116 2491 1154 2540 Ju-

218 2549 320 2600 bantur.
330 2550 361 2599 Et
372 2549 403 2600 ad
413 2550 568 2599 matutinum
578 2550 679 2612 laetitie,
703 2549 768 2598 mels
780 2550 936 2600 tentd’idees
947 2550 1069 2600 sublimes
1088 2552 1155 2604 n'ont

219 2612 280 2676 quia
299 2625 374 2661 mane
396 2611 679 2676 (saintMarc,ch.xv1,
704 2609 743 2660 ete
757 2611 898 2674 exprimees
907 2626 939 2662 en
960 2625 997 2661 uu
1020 2613 1077 2676 plns
1097 2616 1155 2678 petit

219 2689 244 2722 v.
274 2676 298 2735 9)
319 2673 447 2724 venientes
473 2673 505 2724 ad
533 2675 679 2737 sepulcrum
703 2673 1155 2736 nombredemoteQuelsheaurmou·

147 2763 149 2766 -
219 2736 328 2800 gloriam
336 2737 528 2788 resurrectionis
539 2737 571 2786 ab
581 2737 678 2800 angelis
704 2735 953 2799 vementslpriques!
985 2736 1026 2786 uel
1038 2739 1106 2790 riche
1115 2753 1154 2790 es·

219 2805 404 2908 acceperunt.»
702 2797 830 2862 semblage
850 2805 877 2850 et
894 2797 952 2861 quel
993 2812 1091 2850 eureux
1112 2815 1155 2852 eu·

250 2872 261 2906 s
297 2875 323 2920 es
340 2861 406 2910 deux
423 2860 552 2910 dernieres
563 2860 678 2924 strophes
703 2858 864 2910 ohalnernent
877 2860 908 2909 de
926 2859 1022 2924 figures
1039 2863 1115 2913 tirees
1126 2865 1155 2913 do

219 2922 378 2974 renlerment
397 2923 509 2972 cllaoune
530 2923 588 2985 cinq
611 2936 675 2972 vers.
703 2920 835 2972 l’Ecrlture
853 2923 948 2972 sainte!
959 2923 1042 2986 quelle
1056 2926 1154 2977 marche

219 2987 266 3037 Les
276 2990 365 3046 quatre
377 2984 500 3056 premiere
513 2998 571 3035 vers
585 2984 678 3036 riment
702 2982 943 3034 libreetnaturcllel
953 2985 1155 3053 Commeceslple

220 3046 349 3099 ensemble
359 3061 367 3118 5
379 3047 411 3094 uls
419 3053 464 3094 ont
473 3045 530 3095 huit
539 3047 678 3109 spllebeset
703 3051 741 3094 ost
749 3046 848 3118 simple,
860 3047 949 3110 precis,
961 3046 1043 3117 l'errne
1054 3054 1080 3098 et
1089 3051 1156 3114 rapi·
1247 3077 1248 3098 t

220 3110 246 3161 le
267 3108 422 3171 penulneme
442 3107 544 3171 longue.
567 3110 600 3158 Le
620 3109 676 3158 cin·
703 3107 749 3156 de!
767 3110 810 3170 lor,
823 3109 894 3171 point
909 3109 940 3158 do
955 3108 1113 3172 negligentes
1129 3114 1154 3164 ni
1247 3109 1248 3120 ¹

221 3171 322 3236 quieme
335 3183 391 3219 vers
408 3176 485 3232 esept
494 3169 600 3232 syllobes
617 3177 643 3220 et
655 3169 679 3220 le
704 3169 734 3219 de
744 3170 897 3234 longueurs3
911 3171 982 3234 point
993 3170 1024 3219 de
1036 3185 1077 3220 ces
1094 3183 1155 3225 mots

221 3232 375 3298 penultieme
385 3231 462 3282 breve
467 3247 476 3294 3
488 3231 578 3281 ilrime
586 3246 646 3282 eveo
655 3233 679 3283 le
704 3233 789 3281 oisenr
807 3233 853 3295 ¹qul
870 3247 903 3282 ne
922 3231 1083 3282 contribuerit
1101 3237 1155 3298 ou'd

222 3297 365 3358 cinquieme
372 3307 430 3344 vers
441 3294 471 3344 de
479 3294 611 3357 lastrophe
620 3308 679 3344 cor·
704 3294 855 3344 l'ornemeut
867 3295 901 3343 dn
911 3294 1018 3368 lengege
1026 3309 1034 3355 ;
1050 3293 1118 3357 point
1126 3307 1154 3349 de

223 3358 400 3421 respondente.
704 3368 745 3406 ces
752 3357 874 3419 epithetcs
884 3363 1004 3420 parasitos
1015 3360 1060 3418 qui
1069 3371 1099 3406 ue
1109 3373 1155 3410 ser-
1247 3377 1248 3394 ¹

255 3421 266 3451 ⁴
285 3419 397 3470 evita.»
422 3417 543 3484 Evangile
562 3417 593 3467 de
614 3418 680 3470 seint
704 3418 833 3479 ventqu'e
847 3418 991 3468 dissimulet
1005 3417 1030 3466 la
1041 3424 1155 3482 pauvrete

222 3485 299 3540 teon,
316 3483 356 3532 ch.
370 3495 423 3541 xlv,
441 3495 469 3530 r.
481 3483 515 3531 6:
535 3497 548 3530 u
557 3484 609 3544 Ego
621 3494 679 3531 sum
705 3480 736 3530 ds
759 3479 926 3544 l'iuspiretion
941 3493 974 3530 ou
987 3479 1031 3542 qui
1052 3493 1085 3531 no
1103 3491 1156 3537 sont

225 3543 532 3596 rinetveritesetvila.»
706 3542 814 3592 destines
834 3542 892 3604 qu'll
913 3555 1018 3594 omenes
1042 3541 1066 3592 la
1087 3543 1153 3598 rime.
