2562 4032
554 173 727 264 ronrunar.

374 430 431 511 llll
461 427 570 516 VITA
598 429 761 514 SANCTl
794 433 1002 566 MlnTml.

640 648 753 666 *U

268 783 645 838 1‚salnrn1arrrnuonne
660 793 695 839 lu
708 793 820 840 moltle
837 795 877 842 de
890 807 951 842 son
965 800 1121 844 mantem

578 857 600 900 ὰ
618 867 664 901 un
680 868 811 917 pauvre.

268 1019 339 1080 Hicl
356 1040 424 1105 pper
438 1021 467 1082 in
477 1023 579 1084 teneris
594 1023 638 1084 vix
652 1023 866 1104 pubescentibus
877 1025 967 1104 annia,

268 1099 381 1180 Frigore
395 1100 446 1161 sub
461 1101 553 1182 gelido
567 1111 653 1164 terras
668 1105 805 1184 crispante
820 1105 930 1182 pruina,

268 1179 428 1240 Occurrenti
442 1180 512 1241 initu
527 1191 611 1264 portae
625 1181 840 1244 Ambianensis²
854 1204 953 1265 egeno,
1104 1196 1117 1238 ἰ»

268 1258 321 1328 Qui
331 1258 383 1318 sibi
396 1261 543 1334 restiterat,
561 1261 713 1342 chlamydis
727 1264 842 1344 partitur
856 1263 998 1342 amictum,

267 1338 302 1398 Et
314 1339 438 1404 fervente
448 1339 503 1400 fide
516 1340 648 1401 membris
661 1340 818 1420 algentibus
833 1342 921 1404 offert.

267 1417 387 1498 Frigoris
400 1419 452 1478 iste
462 1420 535 1510 capit
545 1427 663 1501 partem,
677 1421 752 1501 capit
766 1421 811 1482 ille
823 1422 924 1502 teporis
935 1444 942 1494 ;

267 1496 340 1558 luter
355 1503 485 1579 utrosque
496 1518 592 1579 inopes
605 1500 720 1582 partitur
731 1501 823 1563 fervor
835 1509 862 1562 et
878 1501 964 1582 algor,

266 1576 301 1636 Et
314 1596 384 1637 nova
393 1578 532 1639 mercandi
544 1579 576 1639 bt
587 1578 712 1640 nundina
723 1582 745 1651 3,
759 1581 847 1662 frigus
859 1589 886 1643 et
900 1592 994 1656 aestus,
1088 1589 1120 1637 10

268 1655 382 1737 Unaque
393 1665 541 1738 paupertas
557 1658 622 1718 satis
632 1666 674 1720 est
684 1659 770 1720 divisa
781 1660 901 1722 duobus.

269 1735 325 1796 Hac
340 1755 369 1796 se
382 1744 457 1798 veste
470 1745 562 1798 tamen
577 1745 680 1798 tectum
693 1739 793 1800 obtulit
806 1741 814 1798 i
836 1761 865 1800 se
878 1741 1000 1816 Creator,

267 1814 433 1896 Martinique
444 1815 566 1896 chlamys
577 1817 645 1878 texit
656 1818 792 1878 velamine
807 1761 945 1888 (ibristum
960 1843 970 1891 ;,

268 1893 349 1954 Nulla
364 1898 565 1975 augustoruml
580 1897 681 1958 meruit
694 1896 769 1956 hunc
784 1897 867 1958 vestis
881 1898 1037 1972 honorem;

264 1973 358 2064 lllilitis
374 1979 384 2012 ⁵
399 1974 595 2065 alb'aoohlamys
594 1975 666 2115 splus
679 1981 720 2036 est
731 1979 819 2068 quam·
827 1997 945 2059 purpura
956 1979 1039 2068 regis.
1088 1987 1118 2032 15

267 2051 359 2114 ana
370 2053 431 2116 baec
445 2062 579 2116 virtutum
606 2062 646 2116 u1t
659 2055 738 2116 arrha
753 2063 779 2117 et
793 2076 893 2138 pignus
905 2077 1018 2121 amous.

441 2271 478 2319 ΙΙ,
499 2271 698 2320 convenior·
711 2273 788 2321 d’un
804 2274 953 2337 brigand.

265 2462 336 2523 Hinc
346 2462 403 2524 loca
416 2463 555 2524 latronum
569 2463 712 2544 incedens,
726 2473 801 2528 ratus
812 2467 850 2528 ire
863 2487 912 2548 per
923 2467 1015 2548 Alpes,

263 2541 367 2602 Vinctis
381 2550 442 2624 post
452 2551 561 2623 tergum
572 2543 709 2620 manibus
724 2545 859 2608 deductus
870 2546 904 2606 ab
919 2566 976 2606 uno
986 2551 1007 2617 ⁶,

263 2621 399 2704 Tempore
409 2621 460 2682 sub
475 2623 570 2684 mortis
584 2623 672 2685 hostis
688 2625 851 2706 compendia
864 2633 983 2685 tractans
997 2631 1019 2697 ⁷,

267 2701 358 2763 Credit
371 2701 441 2764 latro
454 2701 554 2776 Deum,
572 2702 639 2764 dum
656 2703 789 2785 praedicat
802 2705 861 2776 iste,
878 2703 1049 2766 colendum:
1083 2711 1116 2758 20

202 2981 207 3008 ¹
230 2980 300 3029 «Hic
309 2999 320 3024 a
331 2981 434 3043 designo
447 2982 513 3031 saint
523 2981 626 3030 Martio.
655 2991 718 3044 pege
739 2981 794 3043 258,
815 2986 873 3031 note
897 2985 918 3042 l,
933 2987 959 3032 ot
976 2995 1040 3048 page
1061 2987 1117 3048 bel,

200 3041 212 3072 ²
230 3062 241 3087 l
253 3043 319 3092 Initu
332 3051 410 3105 portae
422 3043 626 3105 Ambianensis»
655 3045 750 3095 notet.

167 3103 611 3170 bl’entrecdela‘ported’Amicne.
688 3105 700 3134 ⁸
727 3124 738 3148 o
765 3104 862 3154 Militis.
888 3124 899 3150 υ
924 3107 995 3156 Saiut
1022 3107 1117 3158 Martio

199 3169 242 3210 θα
265 3167 334 3216 Nova
357 3166 487 3216 mercandi
510 3167 540 3216 fn
563 3180 629 3215 nun·
657 3166 718 3216 eteit
728 3166 795 3216 alors
811 3167 900 3218 soldat.
920 3168 1003 3231 Voyez
1014 3167 1037 3217 le
1051 3169 1116 3218 reeit

166 3228 262 3286 dinan
282 3228 313 3276 ils
331 3227 474 3292 dehaugcnt
491 3235 563 3278 entre
579 3243 629 3278 eux
655 3228 686 3278 de
694 3229 783 3278 Paullo
791 3229 980 3293 dererigueux‚
989 3243 1052 3292 page
1060 3233 1117 3280 242.

168 3290 412 3340 desmarcbaudises
424 3288 498 3340 d’une
510 3291 628 3359 nouvelle
687 3291 729 3334 ¹⁴«
753 3290 791 3340 Ab
812 3305 872 3340 uno.
895 3310 906 3334 a
926 3291 1117 3342 sous-entendu

168 3354 442 3478 eslllclebugustorum,
457 3433 470 3458 «
484 3415 527 3464 des
538 3427 628 3486 augus·
658 3351 853 3463 «rpupnefipsfis
880 3413 1028 3484 compendia
1051 3419 1115 3463 trac-

168 3481 213 3535 tae,
225 3476 431 3538 desempereurs.
440 3503 470 3511 -
480 3494 490 3521 ι
500 3477 601 3526 Meron.
613 3492 627 3522 u
655 3482 721 3536 taus,
735 3493 746 3517 n
760 3480 882 3548 sougeant
902 3488 952 3525 aux
968 3475 1073 3546 interdts
1085 3476 1115 3526 de

168 3534 255 3586 Fiuble
266 3537 382 3600 allongee
400 3551 446 3600 par
458 3538 483 3586 la
494 3539 591 3600 nesure,
604 3543 629 3587 et
657 3551 701 3587 son
714 3550 825 3586 eunemr.
838 3563 867 3572 —
880 3555 891 3580 o
903 3537 992 3586 Morus
1001 3537 1088 3592 hosts,
1101 3556 1112 3582 a

168 3607 214 3661 par
242 3599 277 3648 l'b
293 3601 392 3663 aspiree
412 3599 454 3663 qui
476 3599 535 3651 suit.
549 3601 629 3664 Voyea
657 3599 1045 3662 Voyeztrolsnotcsplos'haut.
1137 3608 1140 3616 “

964 3683 1011 3750 lt.
