<?xml version="1.0" encoding="UTF-8"?>
<!DOCTYPE html PUBLIC "-//W3C//DTD XHTML 1.0 Transitional//EN"
    "http://www.w3.org/TR/xhtml1/DTD/xhtml1-transitional.dtd">
<html xmlns="http://www.w3.org/1999/xhtml" xml:lang="en" lang="en">
 <head>
  <title>
</title>
<meta http-equiv="Content-Type" content="text/html;charset=utf-8" />
  <meta name='ocr-system' content='tesseract 3.04.00' />
  <meta name='ocr-capabilities' content='ocr_page ocr_carea ocr_par ocr_line ocrx_word'/>
</head>
<body>
  <div class='ocr_page' id='page_1' title='image "./carminaepoetisc00clgoog/carminaepoetisc00clgoog_0223.png"; bbox 0 0 2522 4024; ppageno 0'>
   <div class='ocr_carea' id='block_1_1' title="bbox 121 139 811 228">
    <p class='ocr_par' dir='ltr' id='par_1_1' title="bbox 121 139 811 228">
     <span class='ocr_line' id='line_1_1' title="bbox 121 139 811 228; baseline -0.007 -2"><span class='ocrx_word' id='word_1_1' title='bbox 121 175 181 228; x_wconf 81' lang='lat' dir='ltr'><strong>rea.</strong></span> <span class='ocrx_word' id='word_1_2' title='bbox 378 139 811 224; x_wconf 71' lang='lat' dir='ltr'><strong>enncrcsnnntcsvrer&#39;cn.</strong></span> 
     </span>
    </p>
   </div>
   <div class='ocr_carea' id='block_1_2' title="bbox 166 269 1074 2594">
    <p class='ocr_par' dir='ltr' id='par_1_2' title="bbox 213 269 1072 994">
     <span class='ocr_line' id='line_1_2' title="bbox 215 269 975 413; baseline -0.005 -76"><span class='ocrx_word' id='word_1_3' title='bbox 215 269 375 338; x_wconf 75' lang='lat' dir='ltr'><strong>Accusanda</strong></span> <span class='ocrx_word' id='word_1_4' title='bbox 388 274 465 337; x_wconf 84' lang='lat' dir='ltr'><strong>venit</strong></span> <span class='ocrx_word' id='word_1_5' title='bbox 476 272 570 336; x_wconf 88' lang='lat' dir='ltr'><strong>nobis:</strong></span> <span class='ocrx_word' id='word_1_6' title='bbox 584 291 705 364; x_wconf 75' lang='lat' dir='ltr'><strong>namqpe</strong></span> <span class='ocrx_word' id='word_1_7' title='bbox 718 271 782 334; x_wconf 76' lang='lat' dir='ltr'><strong>inde</strong></span> <span class='ocrx_word' id='word_1_8' title='bbox 796 271 886 413; x_wconf 77' lang='lat' dir='ltr'><strong>perire</strong></span> <span class='ocrx_word' id='word_1_9' title='bbox 919 295 923 348; x_wconf 81' lang='lat' dir='ltr'>j</span> <span class='ocrx_word' id='word_1_10' title='bbox 972 293 975 300; x_wconf 51' lang='lat'>¹</span> 
     </span>
     <span class='ocr_line' id='line_1_3' title="bbox 215 352 972 434; baseline 0 -17"><span class='ocrx_word' id='word_1_11' title='bbox 215 354 300 418; x_wconf 81' lang='lat' dir='ltr'><strong>Posse</strong></span> <span class='ocrx_word' id='word_1_12' title='bbox 311 353 409 417; x_wconf 83' lang='lat' dir='ltr'><strong>datum</strong></span> <span class='ocrx_word' id='word_1_13' title='bbox 422 361 464 416; x_wconf 87' lang='lat' dir='ltr'><strong>est</strong></span> <span class='ocrx_word' id='word_1_14' title='bbox 477 353 595 426; x_wconf 84' lang='lat' dir='ltr'><strong>eunetis,</strong></span> <span class='ocrx_word' id='word_1_15' title='bbox 610 359 643 416; x_wconf 87' lang='lat' dir='ltr'><strong>ut</strong></span> <span class='ocrx_word' id='word_1_16' title='bbox 658 371 749 415; x_wconf 86' lang='lat' dir='ltr'><strong>nvere</strong></span> <span class='ocrx_word' id='word_1_17' title='bbox 762 352 799 415; x_wconf 90' lang='lat' dir='ltr'><strong>du</strong></span> <span class='ocrx_word' id='word_1_18' title='bbox 812 371 871 414; x_wconf 81' lang='lat' dir='ltr'><strong>crus</strong></span> <span class='ocrx_word' id='word_1_19' title='bbox 885 357 972 434; x_wconf 78' lang='lat' dir='ltr'><strong>esset,</strong></span> 
     </span>
     <span class='ocr_line' id='line_1_4' title="bbox 213 431 1072 574; baseline -0.003 -79"><span class='ocrx_word' id='word_1_20' title='bbox 213 433 364 517; x_wconf 80' lang='lat' dir='ltr'><strong>Mutuaque</strong></span> <span class='ocrx_word' id='word_1_21' title='bbox 377 434 475 497; x_wconf 86' lang='lat' dir='ltr'><strong>alterni</strong></span> <span class='ocrx_word' id='word_1_22' title='bbox 488 452 601 516; x_wconf 87' lang='lat' dir='ltr'><strong>compar</strong></span> <span class='ocrx_word' id='word_1_23' title='bbox 612 451 743 495; x_wconf 88' lang='lat' dir='ltr'><strong>mensura</strong></span> <span class='ocrx_word' id='word_1_24' title='bbox 743 431 870 574; x_wconf 62' lang='lat' dir='ltr'><strong>dpericli¹</strong></span> <span class='ocrx_word' id='word_1_25' title='bbox 1034 453 1072 502; x_wconf 89' lang='lat'><strong>70</strong></span> 
     </span>
     <span class='ocr_line' id='line_1_5' title="bbox 213 513 930 596; baseline -0.001 -20"><span class='ocrx_word' id='word_1_26' title='bbox 213 513 330 576; x_wconf 82' lang='lat' dir='ltr'><strong>Cederet</strong></span> <span class='ocrx_word' id='word_1_27' title='bbox 343 513 377 575; x_wconf 89' lang='lat' dir='ltr'><strong>ad</strong></span> <span class='ocrx_word' id='word_1_28' title='bbox 390 514 530 594; x_wconf 87' lang='lat' dir='ltr'><strong>meritum,</strong></span> <span class='ocrx_word' id='word_1_29' title='bbox 539 533 628 596; x_wconf 89' lang='lat' dir='ltr'><strong>quum</strong></span> <span class='ocrx_word' id='word_1_30' title='bbox 638 513 731 594; x_wconf 84' lang='lat' dir='ltr'><strong>judice</strong></span> <span class='ocrx_word' id='word_1_31' title='bbox 761 531 824 596; x_wconf 78' lang='lat' dir='ltr'><strong>tgna</strong></span> <span class='ocrx_word' id='word_1_32' title='bbox 833 531 930 575; x_wconf 80' lang='lat' dir='ltr'><strong>severo</strong></span> 
     </span>
     <span class='ocr_line' id='line_1_6' title="bbox 215 593 928 683; baseline -0.001 -25"><span class='ocrx_word' id='word_1_33' title='bbox 215 594 332 658; x_wconf 82' lang='lat' dir='ltr'><strong>Praemia</strong></span> <span class='ocrx_word' id='word_1_34' title='bbox 346 603 502 656; x_wconf 86' lang='lat' dir='ltr'><strong>sanctorum</strong></span> <span class='ocrx_word' id='word_1_35' title='bbox 516 593 669 683; x_wconf 77' lang='lat' dir='ltr'><strong>geminaret</strong></span> <span class='ocrx_word' id='word_1_36' title='bbox 683 611 765 676; x_wconf 87' lang='lat' dir='ltr'><strong>poena</strong></span> <span class='ocrx_word' id='word_1_37' title='bbox 779 593 928 658; x_wconf 82' lang='lat' dir='ltr'><strong>malcrum.</strong></span> 
     </span>
     <span class='ocr_line' id='line_1_7' title="bbox 213 671 900 753; baseline -0.004 -16"><span class='ocrx_word' id='word_1_38' title='bbox 213 673 298 737; x_wconf 86' lang='lat' dir='ltr'><strong>Porro</strong></span> <span class='ocrx_word' id='word_1_39' title='bbox 313 674 396 736; x_wconf 85' lang='lat' dir='ltr'><strong>etiarn</strong></span> <span class='ocrx_word' id='word_1_40' title='bbox 411 674 492 753; x_wconf 88' lang='lat' dir='ltr'><strong>(mihi</strong></span> <span class='ocrx_word' id='word_1_41' title='bbox 508 693 531 734; x_wconf 91' lang='lat' dir='ltr'><strong>s1</strong></span> <span class='ocrx_word' id='word_1_42' title='bbox 543 673 582 734; x_wconf 86' lang='lat' dir='ltr'><strong>sas</strong></span> <span class='ocrx_word' id='word_1_43' title='bbox 592 681 634 734; x_wconf 85' lang='lat' dir='ltr'><strong>est</strong></span> <span class='ocrx_word' id='word_1_44' title='bbox 647 673 700 744; x_wconf 89' lang='lat' dir='ltr'><strong>hcc</strong></span> <span class='ocrx_word' id='word_1_45' title='bbox 714 671 813 746; x_wconf 81' lang='lat' dir='ltr'><strong>dicere,</strong></span> <span class='ocrx_word' id='word_1_46' title='bbox 827 671 900 734; x_wconf 78' lang='lat' dir='ltr'><strong>salva</strong></span> 
     </span>
     <span class='ocr_line' id='line_1_8' title="bbox 215 752 909 838; baseline -0.003 -22"><span class='ocrx_word' id='word_1_47' title='bbox 215 755 287 816; x_wconf 88' lang='lat' dir='ltr'><strong>Pace</strong></span> <span class='ocrx_word' id='word_1_48' title='bbox 300 757 358 833; x_wconf 78' lang='lat' dir='ltr'><strong>tut,</strong></span> <span class='ocrx_word' id='word_1_49' title='bbox 370 754 487 838; x_wconf 78' lang='lat' dir='ltr'><strong>genitor)</strong></span> <span class='ocrx_word' id='word_1_50' title='bbox 496 752 586 834; x_wconf 83' lang='lat' dir='ltr'><strong>majus</strong></span> <span class='ocrx_word' id='word_1_51' title='bbox 599 752 720 816; x_wconf 76' lang='lat' dir='ltr'><strong>fortassis</strong></span> <span class='ocrx_word' id='word_1_52' title='bbox 734 753 807 835; x_wconf 88' lang='lat' dir='ltr'><strong>apud</strong></span> <span class='ocrx_word' id='word_1_53' title='bbox 817 759 845 814; x_wconf 84' lang='lat' dir='ltr'><strong>te</strong></span> <span class='ocrx_word' id='word_1_54' title='bbox 857 760 909 828; x_wconf 84' lang='lat' dir='ltr'><strong>est,</strong></span> 
     </span>
     <span class='ocr_line' id='line_1_9' title="bbox 214 831 1071 924; baseline -0.001 -30"><span class='ocrx_word' id='word_1_55' title='bbox 214 832 277 896; x_wconf 92' lang='lat' dir='ltr'><strong>Non</strong></span> <span class='ocrx_word' id='word_1_56' title='bbox 290 853 416 916; x_wconf 73' lang='lat' dir='ltr'><strong>peccasse</strong></span> <span class='ocrx_word' id='word_1_57' title='bbox 428 832 545 911; x_wconf 84' lang='lat' dir='ltr'><strong>bonurn,</strong></span> <span class='ocrx_word' id='word_1_58' title='bbox 561 853 610 916; x_wconf 89' lang='lat' dir='ltr'><strong>per</strong></span> <span class='ocrx_word' id='word_1_59' title='bbox 623 831 727 894; x_wconf 84' lang='lat' dir='ltr'><strong>lubrica</strong></span> <span class='ocrx_word' id='word_1_60' title='bbox 741 840 864 924; x_wconf 85' lang='lat' dir='ltr'><strong>tempora</strong></span> <span class='ocrx_word' id='word_1_61' title='bbox 878 832 953 910; x_wconf 71' lang='lat' dir='ltr'><strong>vitae,</strong></span> <span class='ocrx_word' id='word_1_62' title='bbox 1034 851 1071 899; x_wconf 84' lang='lat'><strong>75</strong></span> 
     </span>
     <span class='ocr_line' id='line_1_10' title="bbox 213 909 990 994; baseline 0.001 -19"><span class='ocrx_word' id='word_1_63' title='bbox 213 909 300 985; x_wconf 78' lang='lat' dir='ltr'><strong>Quem</strong></span> <span class='ocrx_word' id='word_1_64' title='bbox 312 913 418 975; x_wconf 83' lang='lat' dir='ltr'><strong>miseris</strong></span> <span class='ocrx_word' id='word_1_65' title='bbox 434 931 563 994; x_wconf 79' lang='lat' dir='ltr'><strong>peccasse</strong></span> <span class='ocrx_word' id='word_1_66' title='bbox 578 913 682 974; x_wconf 87' lang='lat' dir='ltr'><strong>malum</strong></span> <span class='ocrx_word' id='word_1_67' title='bbox 694 935 702 971; x_wconf 92' lang='lat'>:</span> <span class='ocrx_word' id='word_1_68' title='bbox 714 911 762 974; x_wconf 90' lang='lat' dir='ltr'><strong>sed</strong></span> <span class='ocrx_word' id='word_1_69' title='bbox 779 913 900 974; x_wconf 77' lang='lat' dir='ltr'><strong>videris¹</strong></span> <span class='ocrx_word' id='word_1_70' title='bbox 914 919 946 975; x_wconf 86' lang='lat' dir='ltr'><strong>ut</strong></span> <span class='ocrx_word' id='word_1_71' title='bbox 958 931 990 977; x_wconf 83' lang='lat' dir='ltr'><strong>se</strong></span> 
     </span>
    </p>

    <p class='ocr_par' dir='ltr' id='par_1_3' title="bbox 166 991 1074 2594">
     <span class='ocr_line' id='line_1_11' title="bbox 166 991 896 1074; baseline 0.001 -20"><span class='ocrx_word' id='word_1_72' title='bbox 166 1055 172 1066; x_wconf 73' lang='grc'>,</span> <span class='ocrx_word' id='word_1_73' title='bbox 214 992 272 1054; x_wconf 89' lang='lat' dir='ltr'><strong>Hoc</strong></span> <span class='ocrx_word' id='word_1_74' title='bbox 284 992 398 1074; x_wconf 86' lang='lat' dir='ltr'><strong>haheat,</strong></span> <span class='ocrx_word' id='word_1_75' title='bbox 410 1013 504 1055; x_wconf 89' lang='lat' dir='ltr'><strong>causas</strong></span> <span class='ocrx_word' id='word_1_76' title='bbox 516 993 565 1054; x_wconf 90' lang='lat' dir='ltr'><strong>uni</strong></span> <span class='ocrx_word' id='word_1_77' title='bbox 577 992 621 1054; x_wconf 88' lang='lat' dir='ltr'><strong>cui</strong></span> <span class='ocrx_word' id='word_1_78' title='bbox 633 991 773 1054; x_wconf 85' lang='lat' dir='ltr'><strong>credimus</strong></span> <span class='ocrx_word' id='word_1_79' title='bbox 788 1011 896 1055; x_wconf 88' lang='lat' dir='ltr'><strong>ornnes.</strong></span> 
     </span>
     <span class='ocr_line' id='line_1_12' title="bbox 211 1070 821 1154; baseline -0.003 -20"><span class='ocrx_word' id='word_1_80' title='bbox 211 1071 317 1134; x_wconf 75' lang='lat' dir='ltr'><strong>interea</strong></span> <span class='ocrx_word' id='word_1_81' title='bbox 329 1073 396 1135; x_wconf 87' lang='lat' dir='ltr'><strong>satis</strong></span> <span class='ocrx_word' id='word_1_82' title='bbox 413 1081 455 1136; x_wconf 91' lang='lat' dir='ltr'><strong>est</strong></span> <span class='ocrx_word' id='word_1_83' title='bbox 468 1072 560 1147; x_wconf 85' lang='lat' dir='ltr'><strong>nabis,</strong></span> <span class='ocrx_word' id='word_1_84' title='bbox 576 1071 651 1154; x_wconf 76' lang='lat' dir='ltr'><strong>quac</strong></span> <span class='ocrx_word' id='word_1_85' title='bbox 663 1070 728 1133; x_wconf 85' lang='lat' dir='ltr'><strong>vilia</strong></span> <span class='ocrx_word' id='word_1_86' title='bbox 741 1079 821 1134; x_wconf 82' lang='lat' dir='ltr'><strong>terrae</strong></span> 
     </span>
     <span class='ocr_line' id='line_1_13' title="bbox 212 1151 893 1234; baseline 0 -20"><span class='ocrx_word' id='word_1_87' title='bbox 212 1151 350 1227; x_wconf 79' lang='lat' dir='ltr'><strong>Pendere,</strong></span> <span class='ocrx_word' id='word_1_88' title='bbox 361 1153 429 1215; x_wconf 89' lang='lat' dir='ltr'><strong>dnm</strong></span> <span class='ocrx_word' id='word_1_89' title='bbox 443 1156 520 1215; x_wconf 81' lang='lat' dir='ltr'><strong>sacra</strong></span> <span class='ocrx_word' id='word_1_90' title='bbox 530 1151 646 1234; x_wconf 82' lang='lat' dir='ltr'><strong>inspiras</strong></span> <span class='ocrx_word' id='word_1_91' title='bbox 658 1152 776 1226; x_wconf 86' lang='lat' dir='ltr'><strong>ratione,</strong></span> <span class='ocrx_word' id='word_1_92' title='bbox 788 1155 893 1233; x_wconf 77' lang='lat' dir='ltr'><strong>tuaque</strong></span> 
     </span>
     <span class='ocr_line' id='line_1_14' title="bbox 212 1230 1073 1314; baseline 0.005 -21"><span class='ocrx_word' id='word_1_93' title='bbox 212 1231 345 1295; x_wconf 78' lang='lat' dir='ltr'><strong>Infernas</strong></span> <span class='ocrx_word' id='word_1_94' title='bbox 359 1234 470 1312; x_wconf 85' lang='lat' dir='ltr'><strong>virtute,</strong></span> <span class='ocrx_word' id='word_1_95' title='bbox 482 1241 616 1314; x_wconf 84' lang='lat' dir='ltr'><strong>tuumque</strong></span> <span class='ocrx_word' id='word_1_96' title='bbox 632 1230 742 1312; x_wconf 84' lang='lat' dir='ltr'><strong>effingis</strong></span> <span class='ocrx_word' id='word_1_97' title='bbox 756 1230 902 1312; x_wconf 79' lang='lat' dir='ltr'><strong>adinstar,</strong></span> <span class='ocrx_word' id='word_1_98' title='bbox 1037 1253 1073 1298; x_wconf 84' lang='lat' dir='ltr'><strong>ao</strong></span> 
     </span>
     <span class='ocr_line' id='line_1_15' title="bbox 212 1309 868 1374; baseline 0.002 -3"><span class='ocrx_word' id='word_1_99' title='bbox 212 1311 351 1374; x_wconf 83' lang='lat' dir='ltr'><strong>Nobiliore</strong></span> <span class='ocrx_word' id='word_1_100' title='bbox 366 1313 433 1374; x_wconf 86' lang='lat' dir='ltr'><strong>facis</strong></span> <span class='ocrx_word' id='word_1_101' title='bbox 444 1335 451 1373; x_wconf 76' lang='grc' dir='ltr'><strong>ε</strong></span> <span class='ocrx_word' id='word_1_102' title='bbox 463 1311 531 1373; x_wconf 87' lang='lat' dir='ltr'><strong>dum</strong></span> <span class='ocrx_word' id='word_1_103' title='bbox 545 1311 599 1373; x_wconf 87' lang='lat' dir='ltr'><strong>lato</strong></span> <span class='ocrx_word' id='word_1_104' title='bbox 614 1311 642 1372; x_wconf 92' lang='lat' dir='ltr'><strong>in</strong></span> <span class='ocrx_word' id='word_1_105' title='bbox 658 1309 748 1373; x_wconf 86' lang='lat' dir='ltr'><strong>sidera</strong></span> <span class='ocrx_word' id='word_1_106' title='bbox 759 1309 837 1372; x_wconf 83' lang='lat' dir='ltr'><strong>ruttu</strong></span> <span class='ocrx_word' id='word_1_107' title='bbox 864 1309 868 1320; x_wconf 88' lang='lat'>&#39;</span> 
     </span>
     <span class='ocr_line' id='line_1_16' title="bbox 211 1381 912 1474; baseline 0 -21"><span class='ocrx_word' id='word_1_108' title='bbox 211 1391 328 1454; x_wconf 85' lang='lat' dir='ltr'><strong>Erexisti</strong></span> <span class='ocrx_word' id='word_1_109' title='bbox 341 1392 485 1454; x_wconf 87' lang='lat' dir='ltr'><strong>hominem</strong></span> <span class='ocrx_word' id='word_1_110' title='bbox 497 1413 504 1452; x_wconf 93' lang='lat'><strong>:</strong></span> <span class='ocrx_word' id='word_1_111' title='bbox 518 1410 602 1473; x_wconf 88' lang='lat' dir='ltr'><strong>quern</strong></span> <span class='ocrx_word' id='word_1_112' title='bbox 616 1381 681 1452; x_wconf 74' lang='lat' dir='ltr'><strong>saevi</strong></span> <span class='ocrx_word' id='word_1_113' title='bbox 696 1389 791 1452; x_wconf 85' lang='lat' dir='ltr'><strong>fraude</strong></span> <span class='ocrx_word' id='word_1_114' title='bbox 801 1388 912 1474; x_wconf 76' lang='lat' dir='ltr'><strong>&#39;tyranni</strong></span> 
     </span>
     <span class='ocr_line' id='line_1_17' title="bbox 211 1470 905 1554; baseline 0.001 -22"><span class='ocrx_word' id='word_1_115' title='bbox 211 1470 242 1532; x_wconf 89' lang='lat' dir='ltr'><strong>ln</strong></span> <span class='ocrx_word' id='word_1_116' title='bbox 254 1472 350 1532; x_wconf 84' lang='lat' dir='ltr'><strong>mortis</strong></span> <span class='ocrx_word' id='word_1_117' title='bbox 364 1472 389 1532; x_wconf 90' lang='lat' dir='ltr'><strong>la</strong></span> <span class='ocrx_word' id='word_1_118' title='bbox 412 1491 488 1545; x_wconf 89' lang='lat' dir='ltr'><strong>uens,</strong></span> <span class='ocrx_word' id='word_1_119' title='bbox 501 1477 529 1533; x_wconf 86' lang='lat' dir='ltr'><strong>et</strong></span> <span class='ocrx_word' id='word_1_120' title='bbox 540 1470 574 1533; x_wconf 89' lang='lat' dir='ltr'><strong>ad</strong></span> <span class='ocrx_word' id='word_1_121' title='bbox 587 1471 672 1552; x_wconf 89' lang='lat' dir='ltr'><strong>irnpia</strong></span> <span class='ocrx_word' id='word_1_122' title='bbox 684 1479 782 1532; x_wconf 83' lang='lat' dir='ltr'><strong>tartara</strong></span> <span class='ocrx_word' id='word_1_123' title='bbox 795 1479 905 1554; x_wconf 88' lang='lat' dir='ltr'><strong>raptum</strong></span> 
     </span>
     <span class='ocr_line' id='line_1_18' title="bbox 211 1491 835 1633; baseline -0.002 -21"><span class='ocrx_word' id='word_1_124' title='bbox 211 1549 346 1632; x_wconf 78' lang='lat' dir='ltr'><strong>Unigenae</strong></span> <span class='ocrx_word' id='word_1_125' title='bbox 361 1491 475 1614; x_wconf 49' lang='lat' dir='ltr'><strong>reginis</strong></span> <span class='ocrx_word' id='word_1_126' title='bbox 489 1551 601 1633; x_wconf 87' lang='lat' dir='ltr'><strong>profuse</strong></span> <span class='ocrx_word' id='word_1_127' title='bbox 616 1551 751 1632; x_wconf 76' lang='lat' dir='ltr'><strong>sanguine</strong></span> <span class='ocrx_word' id='word_1_128' title='bbox 765 1551 835 1626; x_wconf 85' lang='lat' dir='ltr'><strong>nati,</strong></span> 
     </span>
     <span class='ocr_line' id='line_1_19' title="bbox 210 1629 1074 1714; baseline 0 -22"><span class='ocrx_word' id='word_1_129' title='bbox 210 1630 288 1713; x_wconf 85' lang='lat' dir='ltr'><strong>Eque</strong></span> <span class='ocrx_word' id='word_1_130' title='bbox 298 1631 362 1693; x_wconf 89' lang='lat' dir='ltr'><strong>imis</strong></span> <span class='ocrx_word' id='word_1_131' title='bbox 376 1630 450 1694; x_wconf 89' lang='lat' dir='ltr'><strong>erebi</strong></span> <span class='ocrx_word' id='word_1_132' title='bbox 465 1630 538 1692; x_wconf 90' lang='lat' dir='ltr'><strong>dona</strong></span> <span class='ocrx_word' id='word_1_133' title='bbox 551 1629 585 1692; x_wconf 88' lang='lat' dir='ltr'><strong>ad</strong></span> <span class='ocrx_word' id='word_1_134' title='bbox 600 1631 702 1714; x_wconf 83' lang='lat' dir='ltr'><strong>majora</strong></span> <span class='ocrx_word' id='word_1_135' title='bbox 717 1631 835 1714; x_wconf 88' lang='lat' dir='ltr'><strong>petitum</strong></span> <span class='ocrx_word' id='word_1_136' title='bbox 1038 1653 1074 1700; x_wconf 68' lang='lat' dir='ltr'><strong>aa</strong></span> 
     </span>
     <span class='ocr_line' id='line_1_20' title="bbox 209 1710 899 1794; baseline 0.004 -22"><span class='ocrx_word' id='word_1_137' title='bbox 209 1710 341 1772; x_wconf 83' lang='lat' dir='ltr'><strong>Restituis</strong></span> <span class='ocrx_word' id='word_1_138' title='bbox 356 1713 440 1794; x_wconf 73' lang='lat' dir='ltr'><strong>quim</strong></span> <span class='ocrx_word' id='word_1_139' title='bbox 451 1711 539 1774; x_wconf 83' lang='lat' dir='ltr'><strong>fectus</strong></span> <span class='ocrx_word' id='word_1_140' title='bbox 551 1715 638 1784; x_wconf 80' lang='lat' dir='ltr'><strong>erat³,</strong></span> <span class='ocrx_word' id='word_1_141' title='bbox 650 1711 770 1792; x_wconf 86' lang='lat' dir='ltr'><strong>vitaeque</strong></span> <span class='ocrx_word' id='word_1_142' title='bbox 781 1713 899 1794; x_wconf 86' lang='lat' dir='ltr'><strong>perenni</strong></span> 
     </span>
     <span class='ocr_line' id='line_1_21' title="bbox 210 1789 927 1872; baseline 0.004 -18"><span class='ocrx_word' id='word_1_143' title='bbox 210 1789 325 1867; x_wconf 70' lang='lat' dir='ltr'><strong>Roneis,</strong></span> <span class='ocrx_word' id='word_1_144' title='bbox 336 1799 366 1854; x_wconf 86' lang='lat' dir='ltr'><strong>et</strong></span> <span class='ocrx_word' id='word_1_145' title='bbox 380 1795 410 1853; x_wconf 94' lang='lat' dir='ltr'><strong>in</strong></span> <span class='ocrx_word' id='word_1_146' title='bbox 422 1792 524 1854; x_wconf 79' lang='lat' dir='ltr'><strong>ccelum</strong></span> <span class='ocrx_word' id='word_1_147' title='bbox 539 1791 601 1872; x_wconf 85' lang='lat' dir='ltr'><strong>dirp</strong></span> <span class='ocrx_word' id='word_1_148' title='bbox 614 1790 692 1852; x_wconf 87' lang='lat' dir='ltr'><strong>vehis</strong></span> <span class='ocrx_word' id='word_1_149' title='bbox 709 1790 789 1852; x_wconf 84' lang='lat' dir='ltr'><strong>hoste</strong></span> <span class='ocrx_word' id='word_1_150' title='bbox 802 1791 927 1858; x_wconf 87' lang='lat' dir='ltr'><strong>subacto.</strong></span> 
     </span>
     <span class='ocr_line' id='line_1_22' title="bbox 211 1871 949 1954; baseline 0.003 -21"><span class='ocrx_word' id='word_1_151' title='bbox 211 1871 330 1953; x_wconf 84' lang='lat' dir='ltr'><strong>Jamjam</strong></span> <span class='ocrx_word' id='word_1_152' title='bbox 343 1892 426 1936; x_wconf 88' lang='lat' dir='ltr'><strong>nemo</strong></span> <span class='ocrx_word' id='word_1_153' title='bbox 438 1879 544 1954; x_wconf 84' lang='lat' dir='ltr'><strong>patrem</strong></span> <span class='ocrx_word' id='word_1_154' title='bbox 557 1872 720 1934; x_wconf 89' lang='lat' dir='ltr'><strong>temerarius</strong></span> <span class='ocrx_word' id='word_1_155' title='bbox 733 1879 831 1952; x_wconf 84' lang='lat' dir='ltr'><strong>arguat</strong></span> <span class='ocrx_word' id='word_1_156' title='bbox 847 1873 949 1949; x_wconf 79' lang='lat' dir='ltr'><strong>Adam,</strong></span> 
     </span>
     <span class='ocr_line' id='line_1_23' title="bbox 211 1949 953 2044; baseline 0.004 -31"><span class='ocrx_word' id='word_1_157' title='bbox 211 1949 365 2023; x_wconf 77' lang='lat' dir='ltr'><strong>Quaerere</strong></span> <span class='ocrx_word' id='word_1_158' title='bbox 383 1950 684 2044; x_wconf 76' lang='lat' dir='ltr'><strong>praescriptumniolatt</strong></span> <span class='ocrx_word' id='word_1_159' title='bbox 694 1951 756 2033; x_wconf 79' lang='lat' dir='ltr'><strong>lege</strong></span> <span class='ocrx_word' id='word_1_160' title='bbox 770 1952 910 2016; x_wconf 87' lang='lat' dir='ltr'><strong>resolvens</strong></span> <span class='ocrx_word' id='word_1_161' title='bbox 950 2025 953 2027; x_wconf 50' lang='grc'><strong>,</strong></span> 
     </span>
     <span class='ocr_line' id='line_1_24' title="bbox 209 2031 1067 2115; baseline 0.001 -22"><span class='ocrx_word' id='word_1_162' title='bbox 209 2031 252 2094; x_wconf 79' lang='lat' dir='ltr'><strong>nd</strong></span> <span class='ocrx_word' id='word_1_163' title='bbox 264 2031 371 2094; x_wconf 88' lang='lat' dir='ltr'><strong>lethum</strong></span> <span class='ocrx_word' id='word_1_164' title='bbox 382 2033 511 2115; x_wconf 78' lang='lat' dir='ltr'><strong>patefecit</strong></span> <span class='ocrx_word' id='word_1_165' title='bbox 524 2033 589 2106; x_wconf 71' lang='lat' dir='ltr'><strong>itera</strong></span> <span class='ocrx_word' id='word_1_166' title='bbox 602 2051 668 2092; x_wconf 89' lang='lat' dir='ltr'><strong>narn</strong></span> <span class='ocrx_word' id='word_1_167' title='bbox 681 2031 760 2112; x_wconf 82' lang='lat' dir='ltr'><strong>culpe</strong></span> <span class='ocrx_word' id='word_1_168' title='bbox 774 2033 896 2114; x_wconf 85' lang='lat' dir='ltr'><strong>parentis</strong></span> <span class='ocrx_word' id='word_1_169' title='bbox 1031 2052 1067 2100; x_wconf 82' lang='lat' dir='ltr'><strong>an</strong></span> 
     </span>
     <span class='ocr_line' id='line_1_25' title="bbox 209 2110 989 2194; baseline 0.001 -19"><span class='ocrx_word' id='word_1_170' title='bbox 209 2111 392 2192; x_wconf 70' lang='lat' dir='ltr'><strong>compensata</strong></span> <span class='ocrx_word' id='word_1_171' title='bbox 408 2115 474 2174; x_wconf 83' lang='lat' dir='ltr'><strong>satis</strong></span> <span class='ocrx_word' id='word_1_172' title='bbox 491 2111 577 2193; x_wconf 84' lang='lat' dir='ltr'><strong>:qnia</strong></span> <span class='ocrx_word' id='word_1_173' title='bbox 595 2111 659 2194; x_wconf 91' lang='lat' dir='ltr'><strong>plus</strong></span> <span class='ocrx_word' id='word_1_174' title='bbox 670 2110 854 2174; x_wconf 74' lang='lat' dir='ltr'><strong>cst‘vincere‘</strong></span> <span class='ocrx_word' id='word_1_175' title='bbox 869 2119 989 2176; x_wconf 85' lang='lat' dir='ltr'><strong>mortem</strong></span> 
     </span>
     <span class='ocr_line' id='line_1_26' title="bbox 209 2189 900 2264; baseline 0.006 -12"><span class='ocrx_word' id='word_1_176' title='bbox 209 2191 297 2262; x_wconf 78' lang='lat' dir='ltr'><strong>Quam</strong></span> <span class='ocrx_word' id='word_1_177' title='bbox 307 2190 427 2253; x_wconf 87' lang='lat' dir='ltr'><strong>nescisse</strong></span> <span class='ocrx_word' id='word_1_178' title='bbox 438 2189 518 2264; x_wconf 72' lang='lat' dir='ltr'><strong>mori,</strong></span> <span class='ocrx_word' id='word_1_179' title='bbox 528 2189 597 2252; x_wconf 83' lang='lat' dir='ltr'><strong>Coeli</strong></span> <span class='ocrx_word' id='word_1_180' title='bbox 610 2209 686 2252; x_wconf 87' lang='lat' dir='ltr'><strong>nunc</strong></span> <span class='ocrx_word' id='word_1_181' title='bbox 696 2190 775 2254; x_wconf 79' lang='lat' dir='ltr'><strong>letus</strong></span> <span class='ocrx_word' id='word_1_182' title='bbox 789 2191 823 2254; x_wconf 88' lang='lat' dir='ltr'><strong>ah</strong></span> <span class='ocrx_word' id='word_1_183' title='bbox 837 2191 900 2256; x_wconf 77' lang='lat' dir='ltr'><strong>ault</strong></span> 
     </span>
     <span class='ocr_line' id='line_1_27' title="bbox 208 2269 813 2352; baseline 0 -20"><span class='ocrx_word' id='word_1_184' title='bbox 208 2269 331 2352; x_wconf 85' lang='lat' dir='ltr'><strong>Despicit</strong></span> <span class='ocrx_word' id='word_1_185' title='bbox 343 2269 472 2332; x_wconf 78' lang='lat' dir='ltr'><strong>atherics</strong></span> <span class='ocrx_word' id='word_1_186' title='bbox 484 2289 559 2344; x_wconf 84' lang='lat' dir='ltr'><strong>axes,</strong></span> <span class='ocrx_word' id='word_1_187' title='bbox 572 2276 601 2332; x_wconf 92' lang='lat' dir='ltr'><strong>et</strong></span> <span class='ocrx_word' id='word_1_188' title='bbox 610 2270 702 2332; x_wconf 87' lang='lat' dir='ltr'><strong>sidera</strong></span> <span class='ocrx_word' id='word_1_189' title='bbox 717 2271 813 2346; x_wconf 81' lang='lat' dir='ltr'><strong>caleat,</strong></span> 
     </span>
     <span class='ocr_line' id='line_1_28' title="bbox 191 2349 936 2435; baseline 0.007 -23"><span class='ocrx_word' id='word_1_190' title='bbox 191 2415 194 2420; x_wconf 77' lang='grc'><strong>,</strong></span> <span class='ocrx_word' id='word_1_191' title='bbox 208 2349 416 2431; x_wconf 86' lang='lat' dir='ltr'><strong>Dispositcsque</strong></span> <span class='ocrx_word' id='word_1_192' title='bbox 430 2356 510 2412; x_wconf 84' lang='lat' dir='ltr'><strong>vocet</strong></span> <span class='ocrx_word' id='word_1_193' title='bbox 520 2356 635 2412; x_wconf 84' lang='lat' dir='ltr'><strong>ventura</strong></span> <span class='ocrx_word' id='word_1_194' title='bbox 654 2350 684 2410; x_wconf 93' lang='lat' dir='ltr'><strong>in</strong></span> <span class='ocrx_word' id='word_1_195' title='bbox 702 2369 787 2433; x_wconf 85' lang='lat' dir='ltr'><strong>regna</strong></span> <span class='ocrx_word' id='word_1_196' title='bbox 799 2361 936 2435; x_wconf 81' lang='lat' dir='ltr'><strong>nepotes:</strong></span> 
     </span>
     <span class='ocr_line' id='line_1_29' title="bbox 207 2427 1069 2514; baseline 0.012 -25"><span class='ocrx_word' id='word_1_197' title='bbox 207 2428 397 2499; x_wconf 84' lang='lat' dir='ltr'><strong>Qucsiterurn</strong></span> <span class='ocrx_word' id='word_1_198' title='bbox 410 2427 639 2512; x_wconf 63' lang='lat' dir='ltr'><strong>fermentantis,</strong></span> <span class='ocrx_word' id='word_1_199' title='bbox 657 2429 814 2514; x_wconf 84' lang='lat' dir='ltr'><strong>iterumque</strong></span> <span class='ocrx_word' id='word_1_200' title='bbox 825 2433 933 2497; x_wconf 86' lang='lat' dir='ltr'><strong>renasci</strong></span> <span class='ocrx_word' id='word_1_201' title='bbox 1033 2447 1069 2500; x_wconf 79' lang='lat'><strong>95</strong></span> 
     </span>
     <span class='ocr_line' id='line_1_30' title="bbox 206 2507 770 2594; baseline 0.009 -24"><span class='ocrx_word' id='word_1_202' title='bbox 206 2507 314 2572; x_wconf 87' lang='lat' dir='ltr'><strong>AEtcrni</strong></span> <span class='ocrx_word' id='word_1_203' title='bbox 329 2507 422 2574; x_wconf 85' lang='lat' dir='ltr'><strong>docuit</strong></span> <span class='ocrx_word' id='word_1_204' title='bbox 435 2509 512 2574; x_wconf 86' lang='lat' dir='ltr'><strong>dives</strong></span> <span class='ocrx_word' id='word_1_205' title='bbox 526 2511 660 2594; x_wconf 86' lang='lat' dir='ltr'><strong>sapientia</strong></span> <span class='ocrx_word' id='word_1_206' title='bbox 670 2508 770 2576; x_wconf 87' lang='lat' dir='ltr'><strong>Patris.</strong></span> 
     </span>
    </p>
   </div>
   <div class='ocr_carea' id='block_1_3' title="bbox 246 2657 1018 2814">
    <p class='ocr_par' dir='ltr' id='par_1_4' title="bbox 246 2657 1018 2814">
     <span class='ocr_line' id='line_1_31' title="bbox 246 2657 1018 2814; baseline 0.01 -84"><span class='ocrx_word' id='word_1_207' title='bbox 246 2668 313 2731; x_wconf 84' lang='lat' dir='ltr'><strong>Tcte</strong></span> <span class='ocrx_word' id='word_1_208' title='bbox 324 2669 418 2752; x_wconf 71' lang='lat' dir='ltr'><strong>igitur,</strong></span> <span class='ocrx_word' id='word_1_209' title='bbox 432 2669 507 2734; x_wconf 84' lang='lat' dir='ltr'><strong>Deus</strong></span> <span class='ocrx_word' id='word_1_210' title='bbox 521 2657 725 2814; x_wconf 80' lang='lat' dir='ltr'><strong>alme,preccr,</strong></span> <span class='ocrx_word' id='word_1_211' title='bbox 739 2671 787 2754; x_wconf 89' lang='lat' dir='ltr'><strong>qui</strong></span> <span class='ocrx_word' id='word_1_212' title='bbox 802 2673 918 2736; x_wconf 89' lang='lat' dir='ltr'><strong>nurnine</strong></span> <span class='ocrx_word' id='word_1_213' title='bbox 929 2691 1018 2758; x_wconf 86' lang='lat' dir='ltr'><strong>prcnc</strong></span> 
     </span>
    </p>
   </div>
   <div class='ocr_carea' id='block_1_4' title="bbox 205 2747 896 2901">
    <p class='ocr_par' dir='ltr' id='par_1_5' title="bbox 205 2747 896 2901">
     <span class='ocr_line' id='line_1_32' title="bbox 205 2747 855 2824; baseline 0.011 -16"><span class='ocrx_word' id='word_1_214' title='bbox 205 2747 260 2809; x_wconf 83' lang='lat' dir='ltr'><strong>Das</strong></span> <span class='ocrx_word' id='word_1_215' title='bbox 271 2750 373 2812; x_wconf 80' lang='lat' dir='ltr'><strong>sentire</strong></span> <span class='ocrx_word' id='word_1_216' title='bbox 387 2751 499 2824; x_wconf 88' lang='lat' dir='ltr'><strong>animis,</strong></span> <span class='ocrx_word' id='word_1_217' title='bbox 511 2759 540 2814; x_wconf 91' lang='lat' dir='ltr'><strong>et</strong></span> <span class='ocrx_word' id='word_1_218' title='bbox 553 2759 581 2814; x_wconf 86' lang='lat' dir='ltr'><strong>te</strong></span> <span class='ocrx_word' id='word_1_219' title='bbox 594 2773 609 2814; x_wconf 91' lang='lat' dir='ltr'><strong>c</strong></span> <span class='ocrx_word' id='word_1_220' title='bbox 632 2752 756 2816; x_wconf 86' lang='lat' dir='ltr'><strong>arissime</strong></span> <span class='ocrx_word' id='word_1_221' title='bbox 767 2751 855 2815; x_wconf 83' lang='lat' dir='ltr'><strong>Patris</strong></span> 
     </span>
     <span class='ocr_line' id='line_1_33' title="bbox 205 2822 896 2901; baseline 0.006 -9"><span class='ocrx_word' id='word_1_222' title='bbox 205 2822 275 2892; x_wconf 82' lang='lat' dir='ltr'><strong>Nate</strong></span> <span class='ocrx_word' id='word_1_223' title='bbox 285 2828 336 2901; x_wconf 87' lang='lat' dir='ltr'><strong>tui,</strong></span> <span class='ocrx_word' id='word_1_224' title='bbox 348 2829 382 2892; x_wconf 83' lang='lat' dir='ltr'><strong>da</strong></span> <span class='ocrx_word' id='word_1_225' title='bbox 397 2831 563 2896; x_wconf 83' lang='lat' dir='ltr'><strong>mellifluum</strong></span> <span class='ocrx_word' id='word_1_226' title='bbox 576 2833 606 2894; x_wconf 93' lang='lat' dir='ltr'><strong>in</strong></span> <span class='ocrx_word' id='word_1_227' title='bbox 639 2831 771 2896; x_wconf 83' lang='lat' dir='ltr'><strong>raeccrdia</strong></span> <span class='ocrx_word' id='word_1_228' title='bbox 781 2833 896 2896; x_wconf 84' lang='lat' dir='ltr'><strong>verbum</strong></span> 
     </span>
    </p>
   </div>
   <div class='ocr_carea' id='block_1_5' title="bbox 203 2853 1066 2996">
    <p class='ocr_par' dir='ltr' id='par_1_6' title="bbox 203 2853 1066 2996">
     <span class='ocr_line' id='line_1_34' title="bbox 203 2853 1066 2996; baseline 0.01 -27"><span class='ocrx_word' id='word_1_229' title='bbox 203 2906 302 2970; x_wconf 87' lang='lat' dir='ltr'><strong>Nostra</strong></span> <span class='ocrx_word' id='word_1_230' title='bbox 315 2914 405 2982; x_wconf 84' lang='lat' dir='ltr'><strong>tuum.</strong></span> <span class='ocrx_word' id='word_1_231' title='bbox 422 2917 450 2974; x_wconf 84' lang='lat' dir='ltr'><strong>et</strong></span> <span class='ocrx_word' id='word_1_232' title='bbox 462 2911 572 2994; x_wconf 76' lang='lat' dir='ltr'><strong>linguas</strong></span> <span class='ocrx_word' id='word_1_233' title='bbox 586 2853 668 2976; x_wconf 46' lang='lat' dir='ltr'><strong>coitis</strong></span> <span class='ocrx_word' id='word_1_234' title='bbox 679 2913 794 2978; x_wconf 81' lang='lat' dir='ltr'><strong>infunde</strong></span> <span class='ocrx_word' id='word_1_235' title='bbox 807 2913 933 2996; x_wconf 74' lang='lat' dir='ltr'><strong>ticenae,</strong></span> <span class='ocrx_word' id='word_1_236' title='bbox 1014 2927 1066 2980; x_wconf 84' lang='lat'><strong>100</strong></span> 
     </span>
    </p>
   </div>
   <div class='ocr_carea' id='block_1_6' title="bbox 142 3116 1172 3202">
    <p class='ocr_par' dir='ltr' id='par_1_7' title="bbox 142 3116 1172 3202">
     <span class='ocr_line' id='line_1_35' title="bbox 142 3116 1172 3202; baseline 0.005 -20"><span class='ocrx_word' id='word_1_237' title='bbox 142 3141 176 3178; x_wconf 69' lang='lat' dir='ltr'><strong>v·</strong></span> <span class='ocrx_word' id='word_1_238' title='bbox 201 3129 300 3183; x_wconf 73' lang='lat' dir='ltr'><strong>alterni</strong></span> <span class='ocrx_word' id='word_1_239' title='bbox 321 3129 409 3196; x_wconf 86' lang='lat' dir='ltr'><strong>pericli</strong></span> <span class='ocrx_word' id='word_1_240' title='bbox 426 3149 437 3176; x_wconf 72' lang='grc' dir='ltr'><strong>ι</strong></span> <span class='ocrx_word' id='word_1_241' title='bbox 453 3132 566 3196; x_wconf 82' lang='lat' dir='ltr'><strong>cappelle</strong></span> <span class='ocrx_word' id='word_1_242' title='bbox 605 3146 669 3186; x_wconf 88' lang='lat' dir='ltr'><strong>nous</strong></span> <span class='ocrx_word' id='word_1_243' title='bbox 687 3133 789 3202; x_wconf 78' lang='lat' dir='ltr'><strong>placens</strong></span> <span class='ocrx_word' id='word_1_244' title='bbox 810 3142 880 3192; x_wconf 85' lang='lat' dir='ltr'><strong>toute</strong></span> <span class='ocrx_word' id='word_1_245' title='bbox 901 3142 974 3190; x_wconf 87' lang='lat' dir='ltr'><strong>notre</strong></span> <span class='ocrx_word' id='word_1_246' title='bbox 1000 3116 1067 3188; x_wconf 56' lang='lat' dir='ltr'><strong>ccn&#39;·</strong></span> <span class='ocrx_word' id='word_1_247' title='bbox 1170 3131 1172 3138; x_wconf 80' lang='grc'><strong>“</strong></span> 
     </span>
    </p>
   </div>
   <div class='ocr_carea' id='block_1_7' title="bbox 106 3193 1065 3631">
    <p class='ocr_par' dir='ltr' id='par_1_8' title="bbox 108 3193 696 3259">
     <span class='ocr_line' id='line_1_36' title="bbox 108 3193 696 3259; baseline 0.003 -13"><span class='ocrx_word' id='word_1_248' title='bbox 108 3195 134 3246; x_wconf 85' lang='lat' dir='ltr'><strong>la</strong></span> <span class='ocrx_word' id='word_1_249' title='bbox 145 3195 236 3247; x_wconf 84' lang='lat' dir='ltr'><strong>double</strong></span> <span class='ocrx_word' id='word_1_250' title='bbox 247 3194 302 3244; x_wconf 83' lang='lat' dir='ltr'><strong>idte</strong></span> <span class='ocrx_word' id='word_1_251' title='bbox 311 3193 439 3259; x_wconf 78' lang='lat' dir='ltr'><strong>exprimes</strong></span> <span class='ocrx_word' id='word_1_252' title='bbox 456 3194 518 3245; x_wconf 86' lang='lat' dir='ltr'><strong>dans</strong></span> <span class='ocrx_word' id='word_1_253' title='bbox 530 3195 566 3246; x_wconf 88' lang='lat' dir='ltr'><strong>les</strong></span> <span class='ocrx_word' id='word_1_254' title='bbox 606 3195 696 3248; x_wconf 83' lang='lat' dir='ltr'><strong>fiance.</strong></span> 
     </span>
    </p>

    <p class='ocr_par' dir='ltr' id='par_1_9' title="bbox 109 3257 1065 3324">
     <span class='ocr_line' id='line_1_37' title="bbox 109 3257 1065 3324; baseline 0.005 -17"><span class='ocrx_word' id='word_1_255' title='bbox 109 3271 167 3308; x_wconf 87' lang='lat' dir='ltr'><strong>vers</strong></span> <span class='ocrx_word' id='word_1_256' title='bbox 178 3257 326 3321; x_wconf 74' lang='lat' dir='ltr'><strong>precedente</strong></span> <span class='ocrx_word' id='word_1_257' title='bbox 337 3269 382 3324; x_wconf 88' lang='lat' dir='ltr'><strong>par</strong></span> <span class='ocrx_word' id='word_1_258' title='bbox 399 3275 410 3301; x_wconf 79' lang='grc' dir='ltr'>ι</span> <span class='ocrx_word' id='word_1_259' title='bbox 422 3257 504 3322; x_wconf 87' lang='lat' dir='ltr'><strong>perire</strong></span> <span class='ocrx_word' id='word_1_260' title='bbox 517 3275 529 3300; x_wconf 78' lang='grc' dir='ltr'><strong><em>ι</em></strong></span> <span class='ocrx_word' id='word_1_261' title='bbox 540 3265 566 3309; x_wconf 78' lang='lat' dir='ltr'><strong>et</strong></span> <span class='ocrx_word' id='word_1_262' title='bbox 635 3259 831 3314; x_wconf 73' lang='lat' dir='ltr'><strong>⁸Construiscz:</strong></span> <span class='ocrx_word' id='word_1_263' title='bbox 847 3282 858 3308; x_wconf 68' lang='lat' dir='ltr'><strong>s</strong></span> <span class='ocrx_word' id='word_1_264' title='bbox 871 3264 903 3312; x_wconf 87' lang='lat' dir='ltr'><strong>cd</strong></span> <span class='ocrx_word' id='word_1_265' title='bbox 923 3261 989 3314; x_wconf 85' lang='lat' dir='ltr'><strong>dona</strong></span> <span class='ocrx_word' id='word_1_266' title='bbox 1008 3275 1065 3314; x_wconf 87' lang='lat' dir='ltr'><strong>ma·</strong></span> 
     </span>
    </p>

    <p class='ocr_par' dir='ltr' id='par_1_10' title="bbox 108 3319 1047 3447">
     <span class='ocr_line' id='line_1_38' title="bbox 108 3319 936 3384; baseline 0.007 -16"><span class='ocrx_word' id='word_1_267' title='bbox 108 3340 120 3365; x_wconf 79' lang='grc' dir='ltr'>ι</span> <span class='ocrx_word' id='word_1_268' title='bbox 133 3319 230 3372; x_wconf 85' lang='lat' dir='ltr'><strong>virere.</strong></span> <span class='ocrx_word' id='word_1_269' title='bbox 243 3339 255 3366; x_wconf 75' lang='grc' dir='ltr'>ι</span> <span class='ocrx_word' id='word_1_270' title='bbox 598 3319 656 3382; x_wconf 84' lang='lat' dir='ltr'><strong>jora</strong></span> <span class='ocrx_word' id='word_1_271' title='bbox 665 3322 742 3384; x_wconf 77' lang='lat' dir='ltr'><strong>quarn</strong></span> <span class='ocrx_word' id='word_1_272' title='bbox 758 3323 838 3377; x_wconf 77' lang='lat' dir='ltr'><strong>tactus</strong></span> <span class='ocrx_word' id='word_1_273' title='bbox 849 3329 936 3376; x_wconf 76' lang='lat' dir='ltr'><strong>erat.»</strong></span> 
     </span>
     <span class='ocr_line' id='line_1_39' title="bbox 138 3381 1047 3447; baseline 0.002 -13"><span class='ocrx_word' id='word_1_274' title='bbox 138 3382 398 3444; x_wconf 69' lang='lat' dir='ltr'><strong>&#39;esedniderisut</strong></span> <span class='ocrx_word' id='word_1_275' title='bbox 417 3382 501 3432; x_wconf 87' lang='lat' dir='ltr'><strong>schcc</strong></span> <span class='ocrx_word' id='word_1_276' title='bbox 519 3381 563 3430; x_wconf 87' lang='lat' dir='ltr'><strong>ha·</strong></span> <span class='ocrx_word' id='word_1_277' title='bbox 635 3384 669 3426; x_wconf 80' lang='lat'><strong>¹«</strong></span> <span class='ocrx_word' id='word_1_278' title='bbox 692 3384 750 3434; x_wconf 86' lang='lat' dir='ltr'><strong>Plus</strong></span> <span class='ocrx_word' id='word_1_279' title='bbox 773 3386 811 3435; x_wconf 87' lang='lat' dir='ltr'><strong>est</strong></span> <span class='ocrx_word' id='word_1_280' title='bbox 834 3387 973 3447; x_wconf 68' lang='lat' dir='ltr'><strong>vincera»</strong></span> <span class='ocrx_word' id='word_1_281' title='bbox 999 3391 1047 3438; x_wconf 85' lang='lat' dir='ltr'><strong>etc.</strong></span> 
     </span>
    </p>

    <p class='ocr_par' dir='ltr' id='par_1_11' title="bbox 107 3421 1064 3518">
     <span class='ocr_line' id='line_1_40' title="bbox 107 3421 1064 3518; baseline 0.001 -21"><span class='ocrx_word' id='word_1_282' title='bbox 107 3447 165 3514; x_wconf 79' lang='lat' dir='ltr'><strong>beat</strong></span> <span class='ocrx_word' id='word_1_283' title='bbox 184 3462 196 3488; x_wconf 78' lang='grc' dir='ltr'><strong><em>ι</em></strong></span> <span class='ocrx_word' id='word_1_284' title='bbox 216 3446 286 3518; x_wconf 66' lang='lat' dir='ltr'><strong>mais⁸</strong></span> <span class='ocrx_word' id='word_1_285' title='bbox 301 3445 361 3496; x_wconf 85' lang='lat' dir='ltr'><strong>e&#39;est</strong></span> <span class='ocrx_word' id='word_1_286' title='bbox 381 3445 396 3493; x_wconf 78' lang='lat' dir='ltr'><strong>a</strong></span> <span class='ocrx_word' id='word_1_287' title='bbox 416 3449 448 3518; x_wconf 79' lang='lat' dir='ltr'><strong>ta¹</strong></span> <span class='ocrx_word' id='word_1_288' title='bbox 464 3455 561 3516; x_wconf 65' lang='lat' dir='ltr'><strong>sagessc</strong></span> <span class='ocrx_word' id='word_1_289' title='bbox 599 3441 659 3494; x_wconf 85' lang='lat' dir='ltr'><strong>c&#39;est</strong></span> <span class='ocrx_word' id='word_1_290' title='bbox 668 3445 777 3513; x_wconf 85' lang='lat' dir='ltr'><strong>quelque</strong></span> <span class='ocrx_word' id='word_1_291' title='bbox 787 3447 861 3497; x_wconf 86' lang='lat' dir='ltr'><strong>chose</strong></span> <span class='ocrx_word' id='word_1_292' title='bbox 873 3447 903 3498; x_wconf 89' lang='lat' dir='ltr'><strong>de</strong></span> <span class='ocrx_word' id='word_1_293' title='bbox 913 3447 968 3510; x_wconf 88' lang='lat' dir='ltr'><strong>ptus</strong></span> <span class='ocrx_word' id='word_1_294' title='bbox 997 3421 1064 3498; x_wconf 65' lang='lat' dir='ltr'><strong>rand&#39;</strong></span> 
     </span>
    </p>

    <p class='ocr_par' dir='ltr' id='par_1_12' title="bbox 107 3461 1061 3580">
     <span class='ocr_line' id='line_1_41' title="bbox 107 3461 1061 3580; baseline 0.002 -27"><span class='ocrx_word' id='word_1_295' title='bbox 107 3503 334 3574; x_wconf 65' lang='lat' dir='ltr'><strong>qnfrlappernent</strong></span> <span class='ocrx_word' id='word_1_296' title='bbox 351 3508 381 3557; x_wconf 86' lang='lat' dir='ltr'><strong>de</strong></span> <span class='ocrx_word' id='word_1_297' title='bbox 396 3505 496 3558; x_wconf 76' lang='lat' dir='ltr'><strong>acernen</strong></span> <span class='ocrx_word' id='word_1_298' title='bbox 515 3517 558 3563; x_wconf 83' lang='lat' dir='ltr'><strong>rer,</strong></span> <span class='ocrx_word' id='word_1_299' title='bbox 597 3503 742 3574; x_wconf 26' lang='lat' dir='ltr'><strong>delrarncre</strong></span> <span class='ocrx_word' id='word_1_300' title='bbox 763 3509 788 3554; x_wconf 81' lang='lat' dir='ltr'><strong>te</strong></span> <span class='ocrx_word' id='word_1_301' title='bbox 805 3514 881 3572; x_wconf 84' lang='lat' dir='ltr'><strong>mort,</strong></span> <span class='ocrx_word' id='word_1_302' title='bbox 904 3521 954 3572; x_wconf 90' lang='lat' dir='ltr'><strong>que</strong></span> <span class='ocrx_word' id='word_1_303' title='bbox 972 3461 1004 3560; x_wconf 55' lang='lat' dir='ltr'><strong>ge</strong></span> <span class='ocrx_word' id='word_1_304' title='bbox 1016 3509 1061 3580; x_wconf 50' lang='grc' dir='ltr'><strong>Γῆ.</strong></span> 
     </span>
    </p>

    <p class='ocr_par' dir='ltr' id='par_1_13' title="bbox 106 3565 977 3631">
     <span class='ocr_line' id='line_1_42' title="bbox 106 3565 977 3631; baseline 0.002 -18"><span class='ocrx_word' id='word_1_305' title='bbox 106 3575 213 3631; x_wconf 72' lang='lat' dir='ltr'><strong>pureque</strong></span> <span class='ocrx_word' id='word_1_306' title='bbox 235 3568 295 3620; x_wconf 81' lang='lat' dir='ltr'><strong>c&#39;est</strong></span> <span class='ocrx_word' id='word_1_307' title='bbox 317 3583 348 3621; x_wconf 89' lang='lat' dir='ltr'><strong>en</strong></span> <span class='ocrx_word' id='word_1_308' title='bbox 373 3569 408 3622; x_wconf 87' lang='lat' dir='ltr'><strong>toi</strong></span> <span class='ocrx_word' id='word_1_309' title='bbox 429 3569 482 3620; x_wconf 86' lang='lat' dir='ltr'><strong>seut</strong></span> <span class='ocrx_word' id='word_1_310' title='bbox 507 3579 557 3629; x_wconf 87' lang='lat' dir='ltr'><strong>que</strong></span> <span class='ocrx_word' id='word_1_311' title='bbox 595 3565 774 3626; x_wconf 75' lang='lat' dir='ltr'><strong>rorrrgnoree.</strong></span> <span class='ocrx_word' id='word_1_312' title='bbox 915 3579 917 3586; x_wconf 60' lang='lat'><strong><em>⁴</em></strong></span> <span class='ocrx_word' id='word_1_313' title='bbox 972 3575 977 3586; x_wconf 74' lang='grc'><em>’</em></span> 
     </span>
    </p>
   </div>
   <div class='ocr_carea' id='block_1_8' title="bbox 0 0 1266 4024">
    <p class='ocr_par' dir='ltr' id='par_1_14' title="bbox 0 0 1266 4024">
     <span class='ocr_line' id='line_1_43' title="bbox 0 0 1266 4024; baseline 0 4"><span class='ocrx_word' id='word_1_314' title='bbox 0 0 1266 4024; x_wconf 95' lang='lat' dir='ltr'><strong> </strong></span> 
     </span>
    </p>
   </div>
  </div>
 </body>
</html>
