2562 4032
171 157 221 206 342
508 151 601 202 stunt
617 151 797 202 uotutfflert.

254 249 325 309 ·Nec
345 247 462 328 majorat
472 245 557 330 eupit,
569 247 653 328 quim
668 264 731 328 quae
742 251 839 306 natura
851 245 980 326 reposuit,

265 327 330 388 Non
344 326 415 388 lucri
426 326 544 408 cupidus
558 326 681 389 nummis
694 325 833 407 marsupia
850 325 949 406 replet,
1040 356 1045 368 ·
1092 332 1126 377 45

274 406 332 468 Neo
346 407 444 468 molles
455 405 579 466 cumulat
595 407 731 466 tinearum
744 405 777 466 ad
792 405 891 486 pabula
900 412 1000 478 vestes,

273 486 388 548 Poscere
399 505 457 547 non
470 487 567 566 pingui
583 495 709 566 procurat
720 484 799 567 fruge
812 485 942 560 caballos,

237 593 240 600 ¹
266 565 324 627 Neo
333 564 439 646 trepido
449 567 516 626 tates
526 565 612 625 volvit
625 564 677 625 sub
689 575 799 645 pectore
809 586 899 636 curas,

265 645 307 706 Ne
319 645 417 708 subitis
431 653 523 725 pereat
536 643 649 705 collecta
658 645 775 725 pecunia
791 645 921 715 flammis,

265 725 321 786 hut
333 725 416 787 fracta
428 745 557 786 nummos
569 725 658 814 rapiat
676 723 720 784 fur
730 724 871 804 improbus
885 730 959 793 arca.
1092 736 1124 778 ⁵0

267 805 374 866 Vivitur
387 813 500 884 argento
511 805 582 874 sine,
594 824 652 884 Jam
666 803 728 864 sine
742 805 840 864 vivitur
853 824 941 873 auro;

267 885 340 945 Nudi
360 891 521 952 nascuntur,
535 884 625 942 nudos
636 902 706 963 quos
721 891 791 944 terra
807 892 943 964 receptat;
1025 919 1029 928 ,

267 963 403 1024 Divitibus
417 963 489 1044 nigri
500 970 657 1023 reserantur
667 962 761 1022 iimina
779 963 844 1023 ditis
856 966 876 1036 ¹,

267 1041 493 1124 Pauperibusque
504 1042 557 1123 piis
571 1042 691 1102 coetestta
705 1062 789 1122 regua
806 1049 960 1124 patescunt.

265 1122 400 1183 Temnere
413 1121 521 1182 divitias
535 1124 643 1182 monuit
654 1121 777 1182 Salvator
790 1141 902 1182 avaros:
1091 1131 1123 1174 ss

266 1201 399 1282 Quisquis
411 1208 485 1262 amat
499 1201 650 1276 Christum,
663 1200 789 1281 sequitur
802 1201 918 1282 vestigia
927 1199 1038 1264 Christi.

268 1279 339 1341 Nam
354 1279 445 1341 brevis
459 1289 487 1340 et
502 1280 605 1360 fragilis
615 1281 756 1341 moriturae
774 1279 859 1360 gioria
872 1280 961 1341 carnis

270 1358 408 1440 Quidquid
420 1359 513 1430 habet,
530 1359 617 1438 rapidi
631 1361 709 1419 vetor
723 1358 786 1440 fuga
795 1360 926 1440 temporis
938 1361 1036 1422 aufert.

271 1438 399 1500 Pulchrae
411 1438 523 1498 veridici
535 1438 635 1497 cecinit
648 1459 701 1508 vox
712 1439 776 1498 talia
785 1438 864 1509 vatis,

269 1517 404 1596 Tempora
426 1517 606 1577 dinumerans
616 1517 669 1577 aevi
682 1517 802 1598 vitorque
816 1517 946 1578 caducae:
1007 1564 1012 1573 .
1091 1526 1126 1570 60

271 1595 372 1658 Omnia
388 1600 496 1678 tempus
511 1596 577 1672 agit,
594 1616 658 1655 cum
672 1604 794 1678 tempore
804 1607 900 1658 cuncta
916 1595 1082 1670 trahuntur3

272 1673 418 1756 Accipiunt
430 1684 578 1754 artgmenta
596 1675 654 1735 dies
672 1688 824 1756 noctesque
838 1677 970 1738 vicissim.

273 1755 406 1836 Tempora
423 1764 488 1814 sunt
502 1753 616 1830 florum,
629 1755 728 1814 retinet
743 1776 791 1815 sua
804 1766 927 1837 tempora
941 1756 1041 1816 messis
1056 1777 1063 1827 ;

273 1835 319 1896 Sic
333 1836 434 1896 iterum
451 1835 540 1916 spisso
553 1837 668 1894 vestitur
680 1837 805 1916 gramine
818 1856 944 1915 campus,

273 1915 408 1994 Tempora
423 1914 572 1995 gaudendi,
583 1925 648 1974 sunt
663 1924 784 1993 tempora
797 1925 869 1974 certa
882 1913 1008 1986 dolendi;
1091 1924 1125 1968 65

274 1995 409 2074 Tempora
425 2003 490 2054 sunt
500 1994 573 2064 vitm,
597 2002 663 2053 sunt
677 1994 763 2053 tristia
784 2002 905 2074 tempora
920 1993 1035 2054 mortis:

275 2072 375 2135 Omnia
396 2074 453 2146 dat,
467 2073 548 2146 tollit,
564 2072 719 2152 minuitque
731 2073 840 2133 volatile
855 2083 975 2155 tempus,

269 2150 338 2224 Ver,
363 2161 455 2229 aestas,
479 2159 638 2224 autumnus,
657 2150 756 2224 hiems,
783 2152 853 2213 redit
868 2173 958 2214 annus
970 2153 996 2212 in
1008 2169 1124 2215 annum.

268 2230 368 2294 Omnia
389 2251 476 2308 quum
491 2233 615 2308 redeant,
632 2231 736 2291 homini
750 2251 799 2292 sua
814 2253 869 2294 nou
880 2231 1034 2293 reditaetas

267 2308 334 2369 Haee
346 2309 456 2390 sapiens
467 2311 543 2368 omni
555 2329 665 2392 semper
678 2311 864 2372 reminiscitur
877 2311 955 2388 hort,
1094 2320 1127 2367 ⁷0

265 2387 957 2473 Atquedomumluctus²epulispraepooitopimis.
1057 2431 1062 2444 ·

266 2465 369 2528 Ultima
382 2487 455 2526 nuno
469 2465 568 2526 humili
582 2469 744 2530 concludam
756 2471 836 2530 verbu
851 2480 961 2552 precatu
975 2495 981 2530 :

270 2545 315 2607 Sis
330 2566 437 2607 memor
448 2546 507 2630 ipse
525 2550 581 2607 met
595 2567 690 2609 versus
723 2570 791 2610 uum
807 2550 909 2630 legeris
925 2553 1012 2634 istos3

274 2627 408 2709 Tempora
425 2627 465 2688 sie
480 2625 582 2688 habeas
599 2569 793 2710 optataeionga
805 2638 932 2692 seneotae.

483 2834 710 2882 columbanus
725 2834 877 2883 uunaldo
886 2835 906 2884 ³.

314 2971 426 3032 Casibus
442 2971 594 3032 innumeris
605 2971 753 3034 decurrunt
767 2981 887 3055 tempora
901 2973 975 3048 vitae,
1092 2985 1125 3031 7⁵

274 3048 372 3112 Omnia
382 3057 559 3132 praetereunt,
576 3070 686 3114 menses
698 3052 845 3114 volvuntur
859 3063 887 3116 et
903 3056 979 3130 anni,

206 3271 214 3301 ¹
230 3263 402 3332 sttigriditis,
414 3281 426 3307 ι»
437 3261 460 3311 le
471 3260 570 3312 sombro
582 3275 627 3312 en·
670 3265 756 3314 mteux
776 3267 840 3318 alter
856 3267 919 3316 dans
938 3269 963 3318 ta
980 3269 1078 3320 maison
1096 3272 1128 3321 de

176 3333 224 3382 far,
670 3325 738 3374 deuit
760 3340 809 3388 que
842 3331 905 3378 dans
930 3330 955 3378 la
976 3332 1072 3382 maison
1098 3333 1129 3382 de

182 3418 184 3424 v
207 3393 219 3424 ⁸
230 3411 242 3437 α
253 3393 334 3453 Atque
346 3388 451 3437 domum
460 3382 552 3442 tuctus,
565 3389 628 3432 eto.»
671 3385 729 3434 tete.
743 3405 755 3428 n

177 3454 271 3502 Pensee
304 3447 451 3513 empruntee
488 3445 503 3491 ὲ
532 3443 630 3492 thoue-
704 3446 739 3487 ἀ
758 3445 908 3512 cettspieoe
925 3455 963 3500 est
982 3455 1129 3510 eorosttohe.

174 3513 306 3576 siastique,
317 3512 358 3560 ob.
375 3523 418 3570 vu,
428 3523 453 3558 v.
467 3507 496 3556 3:
510 3524 521 3548 ι
539 3503 558 3554 tt
572 3509 632 3553 vaut
672 3504 709 3553 En
721 3505 863 3558 rtuntssant
874 3511 911 3562 tes
926 3513 1068 3572 premieres
1082 3517 1130 3568 tet·
