2562 4032
207 206 253 254 332
592 204 769 256 FORTUNAT.

342 308 399 370 Sed
413 327 477 371 earo
495 328 559 388 quae
571 308 648 370 nasei
658 308 775 399 pertulit
787 316 871 390 atque
881 309 963 370 mori.

301 389 417 452 Funeris
428 388 572 468 exsequias
580 395 680 470 patens
694 389 758 450 vitae
768 396 862 450 auctor
876 396 904 450 et
915 387 1009 461 orbis;

341 469 427 530 lntras
440 468 537 532 mortis
552 468 603 529 iter
619 466 710 529 dando
730 468 826 530 salutis
840 488 932 549 opem.

304 549 405 610 Tristia
416 555 559 610 eessemnt
572 547 687 608 infernae
700 547 810 609 vincula
823 546 894 630 legis

339 627 602 712 Expavitqueohaos
621 639 628 668 ¹
644 627 758 688 luminis
773 648 819 688 ore
833 630 931 709 premi.

301 708 341 770 De
362 716 458 769 ereunt
471 708 592 768 tenebrae
604 706 703 769 Christi
717 706 823 789 fulgore
837 707 938 789 fugatae

344 729 381 848 bt
395 796 473 849 tetrae
487 788 576 847 noetis
605 786 668 847 allia
683 806 772 848 crassa
785 787 899 850 cadunt.

301 867 453 929 Pollioitam
465 867 514 927 sed
524 807 609 928 reddi
620 865 715 938 fidem,
728 886 832 947 precor,
841 867 912 928 alma
924 872 1054 949 potestas,

339 947 432 1008 'lertio
445 947 492 1007 lux
506 945 597 1020 rediit,
612 966 695 1026 surge
711 947 817 1028 sepulte
828 966 918 1008 meus.
1127 953 1164 999 60

302 1025 365 1087 Non
379 1026 456 1087 deeet
466 1033 497 1086 ut
507 1025 553 1086 vili
568 1026 676 1087 tumulo
691 1033 737 1086 tua
750 1025 874 1087 membra
886 1033 1025 1107 teguntur,

341 1103 399 1167 Nee
411 1105 530 1186 pretium
542 1105 639 1167 mundi
651 1105 715 1166 vilia
729 1125 792 1167 saxa
806 1115 942 1188 premant.

304 1185 454 1268 Indignum
467 1194 518 1258 est,
535 1186 615 1266 cujus
624 1184 789 1246 clauduntur
801 1193 900 1246 cuneta
914 1186 1019 1268 pugillo
1031 1193 1054 1261 ²,

343 1265 379 1327 Ut
389 1275 462 1348 tegat
476 1266 625 1338 inclusum,
646 1284 715 1346 rupe
727 1271 850 1342 vetante,
862 1264 942 1346 lapis·

303 1344 401 1406 Lintea
415 1345 492 1417 tolle,
504 1363 620 1427 preoor;
639 1345 747 1405 sudaria
760 1344 853 1426 linque
864 1343 1012 1428 sepulero3'
1121 1353 1157 1398 ⁰⁵

340 1425 383 1485 'lu
397 1425 465 1485 setis
478 1443 508 1484 es
522 1423 603 1484 nobis
618 1430 646 1484 et
661 1425 760 1484 sinete
775 1424 845 1485 nihil
859 1433 910 1484 est.

305 1502 388 1564 Solve
402 1510 539 1564 catenatas
554 1501 653 1564 inferni
667 1503 783 1564 carceris
797 1503 926 1582 umbras,

343 1587 378 1643 Et
391 1602 488 1643 revooa
509 1602 619 1643 sursum
637 1581 772 1664 quidquid
785 1582 819 1644 ad
834 1584 888 1644 inre
903 1583 968 1645 ruit.

302 1661 398 1724 Redde
409 1673 486 1722 tuam
500 1666 511 1700 ³
525 1661 634 1735 faeiem,
650 1660 761 1723 videant
770 1671 802 1724 ut
816 1660 915 1724 saecula
926 1663 1035 1736 lumen,

344 1741 440 1804 Redde
454 1743 528 1803 diem
539 1743 658 1822 quinos,
674 1742 859 1816 temoriente,
875 1742 956 1824 sugit.
1125 1751 1161 1797 70

304 1821 360 1886 Sed
374 1822 455 1904 plane
469 1821 589 1905 implesti
600 1841 737 1894 remeans,
754 1822 799 1903 pie
808 1822 905 1895 victor,
922 1822 1071 1904 Olympum
1084 1843 1093 1895 ς

343 1903 454 1964 Tartara
473 1922 565 1985 pressa
580 1901 683 1981 jaoent,
698 1920 751 1963 nee
762 1921 810 1962 sua
823 1902 886 1984 juro
899 1910 1004 1964 tenent.

305 1982 412 2044 lnfems
434 1981 646 2044 insaturabiliter
659 2000 724 2042 cava
739 1987 850 2062 guttum
863 1981 988 2122 ppndens

347 2061 502 2153 Quitrapuit
514 2081 633 2142 semper,
650 2059 683 2120 fit
696 2068 743 2122 tua
750 2060 849 2201 praeda
890 2079 950 2122 eus

303 2141 349 2202 Eri
371 2143 393 2202 is
405 2160 583 2202 innumerum
595 2140 728 2221 populum
769 2161 784 2201 e
797 2160 905 2201 earcere
917 2140 1013 2201 mortis
1124 2147 1157 2194 7ο

346 2162 379 2282 it
393 2219 520 2302 sequitur
534 2224 544 2258 ⁶
559 2219 630 2280 liber
641 2221 775 2301 qud'suus
788 2228 883 2281 auctor
895 2219 959 2281 adit.

303 2299 415 2360 Evomit
428 2299 584 2378 absorptam
597 2299 693 2378 pavide
708 2299 764 2360 fera
775 2298 866 2361 bellua
880 2299 999 2380 plebem,

341 2377 377 2438 Et
390 2378 425 2439 de
438 2376 517 2453 laune
528 2377 586 2457 lupi
596 2377 732 2438 subtrahit
748 2399 836 2459 agnus
853 2399 928 2441 ores.

302 2455 374 2518 Hine
386 2455 526 2518 tumulum
538 2476 566 2516 re
587 2465 678 2533 etens,
691 2467 753 2538 post
766 2458 853 2519 tristia
856 2505 866 2535 ,
880 2478 962 2522 earne
974 2459 1118 2542 resumpti

341 2536 409 2600 Belli
431 2557 461 2598 er
472 2535 507 2598 ad
519 2475 606 2598 coeibs
619 2537 710 2618 ampla
729 2537 852 2620 trophaea
866 2538 961 2601 refers.
1114 2545 1147 2591 ⁸0

302 2616 408 2688 Quosh
445 2616 484 2679 uit
497 2616 604 2698 poenale
620 2615 713 2686 chaos,
724 2616 782 2697 jem
793 2616 914 2679 reddidit
927 2619 954 2679 in
968 2627 1009 2695 te,

342 2699 376 2760 Et
387 2719 457 2780 quos
469 2717 543 2759 mors
553 2703 660 2780 peteret¹
669 2701 691 2770 ⁵,
702 2695 753 2758 hos
766 2716 835 2758 nova
845 2697 900 2760 vita
914 2706 997 2762 tenet.

237 2922 245 2952 ¹
266 2921 399 2983 «Expavit
419 2935 447 2970 ue
475 2921 559 2991 pheos,
576 2927 662 2981 etc.,»
725 2921 734 2950 ⁴
754 2923 809 2972 «Er
831 2925 947 2988 sequitur
958 2923 1023 2975 liber
1038 2926 1088 2989 quo
1101 2941 1156 2980 suus

205 2990 230 3063 et
238 2982 262 3031 le
271 2933 419 3030 chaosaeib
430 2982 487 3052 saisr
495 2981 526 3030 de
539 2981 665 3044 lreyeurb
692 2989 780 3033 auctor
803 2985 867 3047 adit,
883 3003 894 3029 o
908 2991 934 3037 et
949 2987 999 3037 suit
1020 3001 1052 3038 eu
1073 2989 1156 3043 liberto

205 3042 534 3167 liipiclirigiiioiuini'iiiez,
547 3115 591 3152 sur
600 3111 666 3154 cette
693 3045 717 3094 la
726 3048 1026 3161 poptpeepepptpnprplhpplp
1036 3051 1156 3178 cailibiigtre

208 3165 602 3231 metaphore,pagoaae,noteo.
696 3168 1154 3240 peplaotsureetparl'traspireequi

241 3233 282 3275 ³«
304 3228 388 3280 Redde
420 3233 570 3297 mamete.
596 3245 607 3270 n
634 3227 668 3278 (le
695 3236 756 3278 suit.
784 3230 867 3296 Voyez
884 3245 941 3296 pag.
961 3236 1016 3296 258,
1031 3240 1154 3301 notet,et

209 3297 373 3346 mouvement
382 3295 421 3342 est
430 3287 598 3351 magnrflqoe.
697 3303 757 3352 pag.
772 3293 827 3351 tut,
839 3299 898 3344 note
909 3297 931 3345 t.

628 3483 763 3506 m
