2522 4024
199 129 245 177 152
470 124 511 174 llll
526 121 741 188 Pnovtnenlln
754 119 866 198 DlllNA

293 231 386 302 Quum
394 236 467 293 sator
479 229 526 290 ille
538 246 654 310 operum
667 233 761 290 teneat
773 231 915 288 momenta
928 245 1057 301 snorum,

293 311 329 374 Et
342 310 457 394 carptim
470 309 561 370 varios
577 307 608 368 in
622 315 710 369 totum
724 313 859 388 temperet
871 326 950 368 usus.
1091 327 1121 373 ιι
1134 329 1150 374 5

168 439 172 446 .
291 389 417 472 Denique
430 387 564 472 quidquid
578 387 670 460 obest,
682 393 730 448 aut
742 390 836 460 causb,
848 393 895 447 aut
910 394 1035 468 tempore
1049 407 1134 453 verso

249 498 251 502 ·
288 469 417 545 Prodest,
433 477 461 531 et
475 467 586 551 gemino
596 466 752 529 subsistunt
765 473 864 528 cuncta
878 466 992 547 periclo.

287 550 400 633 Frigora
414 569 464 633 per
484 568 572 628 essus,
582 547 672 609 solem
685 547 777 628 cupit;
788 555 867 608 ustus
880 545 914 612 ab
929 554 1010 621 aestu,

291 629 366 693 luter
378 569 561 714 hyperboreas
574 625 680 688 mavult
692 628 717 687 al
738 645 785 688 cre
796 626 920 708 pruinas.

290 710 396 792 lnjusto
407 708 527 793 pluviam
541 707 641 770 metuit
653 706 705 769 sub
718 647 808 768 iasce¹
825 707 923 782 vietor,
1098 725 1151 773 120

292 788 383 861 Quam
396 789 485 872 poscit
499 787 569 850 votis
588 785 692 850 sitienti
706 786 825 849 rusticus
839 806 917 869 agro.

291 869 429 932 Caeruleos
442 887 548 950 unques
560 867 642 930 timor
656 867 701 930 isti
713 873 756 928 est
768 868 871 929 visere:
886 873 913 928 at
926 865 967 926 illi

291 948 365 1010 lntre
384 948 429 1012 ida
440 948 560 1010 excoctis
573 955 703 1008 oneratur
714 964 810 1010 mensa
824 945 972 1028 chelydris.

291 969 383 1100 (ludil
387 1027 411 1090 si
424 1027 494 1090 forte
504 1026 594 1110 lupos,
609 1027 769 1108 lyncasque,
783 1045 919 1108 ursosque
931 1032 1036 1096 creatos

291 1108 434 1192 Displicet,
444 1107 479 1170 ad
492 1105 611 1190 Scytlriae
627 1125 753 1188 proceres
767 1125 903 1188 regesque
913 1106 1045 1169 Getarum
1092 1123 1142 1170 125

291 1187 425 1270 Respice;
441 1187 521 1270 queis
534 1195 608 1250 ostro
622 1193 790 1268 contempto,
806 1183 907 1248 vellere
920 1183 1033 1263 Serum,

292 1268 419 1330 Eximius
432 1267 515 1329 decor
528 1273 571 1328 est
583 1265 668 1347 tergis
677 1265 789 1328 horrere
804 1265 935 1327 terarum.

290 1347 407 1428 Singula
420 1346 519 1409 sectari
532 1345 648 1427 longum
660 1352 722 1406 est:
738 1343 786 1406 sod
796 1365 912 1408 munere
925 1344 1027 1408 Christi

290 1425 368 1488 Scire
381 1425 487 1500 datum,
499 1424 575 1506 quod
589 1423 638 1486 alit
651 1424 742 1496 tellus,
758 1424 833 1506 quod
846 1425 877 1486 in
890 1445 1000 1507 aequore
1014 1425 1094 1504 vivit,

290 1503 429 1588 Quidquid
443 1505 473 1566 in
487 1504 642 1576 arboribus,
656 1503 791 1587 quidquid
806 1505 924 1566 variatur
937 1505 966 1567 iu
979 1505 1142 1583 herbis,130

289 1584 322 1646 ln
335 1585 446 1648 laudem
460 1585 580 1649 auctoris
593 1585 676 1646 certis
691 1584 842 1647 subsistere
854 1585 961 1660 causis;

290 1666 326 1728 lt
339 1684 401 1748 quae
415 1665 474 1729 sola
489 1674 601 1740 nocent,
613 1664 710 1728 eadem
724 1664 820 1731 collata
833 1665 947 1730 mederi.

301 1775 319 1814 ,ι
367 1805 370 1812 .

352 1863 355 1872 ’
468 1855 507 1906 ss.
523 1854 605 1905 sstem
619 1853 784 1918 nonnemo
798 1853 961 1906 Μίνω.

370 1939 380 1976 3
489 1939 493 1946 .

291 1996 412 2060 Omnem
428 1995 543 2078 (autem)
554 1995 627 2056 hano
638 1993 743 2057 molem
752 1994 850 2056 mnndi
862 1995 911 2076 qui
925 1992 1056 2069 condidit,
1070 1994 1132 2078 ipse

288 2077 325 2138 Et
337 2077 420 2165 regit,
434 2082 520 2156 utque
533 2075 604 2138 nibil
616 2095 673 2136 non
687 2082 777 2136 ortum
791 2073 908 2155 sumpsit
920 2073 954 2138 ab
968 2074 1026 2149 illo,

290 2153 339 2216 Sic
352 2153 423 2216 nrltil
437 2153 568 2236 estquod
584 2161 656 2216 stare
670 2162 764 2235 queat,
782 2153 884 2216 lectore
897 2163 1016 2216 remoto.
1093 2173 1143 2221 135

290 2231 363 2294 Nam
378 2233 428 2314 qui
439 2232 518 2314 pigra
530 2233 588 2295 Deo
602 2234 669 2296 dant
682 2234 750 2311 otia,
762 2234 857 2310 oredo,
873 2246 1002 2298 verentur

290 2313 333 2375 lle
346 2331 420 2372 curce
429 2311 568 2374 intentum
581 2312 678 2394 vigiles
692 2313 809 2396 durique
819 2313 927 2376 labores

173 2447 176 2452 Δ
288 2390 455 2464 Conliciant,
467 2399 495 2454 et
506 2399 581 2454 tanta
593 2392 677 2454 simul
689 2413 747 2455 non
760 2394 878 2476 explicet
888 2402 973 2458 rinus.

291 2471 314 2535 0
329 2470 414 2534 mersi
428 2470 458 2534 in
472 2471 612 2545 tenebras,
629 2471 769 2556 divinique
783 2474 856 2556 ignis
865 2474 962 2536 inanes
970 2480 992 2550 ¹,

289 2551 325 2616 Et
338 2552 402 2635 plus
410 2551 548 2635 corporeis
562 2552 650 2616 oculis
661 2556 746 2636 qulm
760 2560 854 2617 ruente
867 2553 1010 2618 videntes!
1091 2573 1142 2619 reo

289 2632 333 2694 Aa
348 2633 423 2715 quia,
434 2653 522 2716 quum
537 2653 652 2716 magnes
665 2633 747 2696 urbes
760 2636 933 2718 populosque
945 2635 1056 2710 tenetis

287 2711 348 2774 Sub
355 2721 453 2802 'vestro
474 2714 602 2795 imperio,
615 2713 750 2777 miserum
763 2723 806 2778 est
824 2714 999 2779 insomuibus
1018 2735 1121 2799 wem

288 2792 387 2852 Partiri
401 2794 474 2855 curis
489 2794 519 2856 in
532 2795 620 2872 multa
633 2795 745 2878 negotia
758 2802 896 2872 mentem,

287 2869 436 2953 Quumque
448 2893 545 2954 graves
558 2875 671 2958 trepidis
683 2875 846 2938 incumbant
858 2873 980 2956 undique
992 2874 1095 2950 caude,

287 2949 350 3011 Non
364 2949 448 3013 sertu
483 2960 560 3016 entes
573 2954 707 3018 industria
720 2955 787 3018 uicta
801 2955 927 3030 labores,
1000 2965 1002 2969 '
1089 2971 1140 3019 trs

287 3028 329 3092 De
337 3029 457 3092 Domino
489 3051 522 3094 oc
534 3034 637 3097 sentire
646 3035 724 3118 pium
736 3044 787 3110 cst,
795 3055 880 3117 quem
890 3053 999 3116 semper
1008 3034 1141 3099 eumdem

287 3109 332 3172 Nil
345 3116 451 3192 gravat,
464 3129 498 3172 ex
511 3118 569 3174 toto
581 3113 622 3176 nil
633 3116 770 3198 occupat?
783 3115 880 3180 Effluit
893 3116 978 3178 eust

217 3329 233 3360 ·¹
251 3346 264 3375 ι
283 3325 378 3390 lnjusto
405 3325 489 3394 lame,
510 3345 522 3374 ι
541 3325 648 3396 terdoau
713 3327 1097 3413 ‘rbffluitaetasflctclout
1112 3346 1143 3384 oe

190 3389 370 3525 triplollliilni
386 3452 452 3524 ignis
470 3453 566 3523 inanes,
576 3469 588 3498 s
598 3451 650 3521 pri·
677 3401 733 3500 iiiii
758 3403 780 3499 ee
790 3391 960 3524 limpidii&
977 3392 1139 3528 limiritigliill·

181 3515 421 3576 ,resurretura
461 3579 464 3586 Δ
593 3523 596 3530 ’
677 3511 974 3585 nomdel'txprtsswss·
1041 3581 1055 3594 ,,
1070 3529 1090 3594 ’,ζ
