2566 4028
530 127 750 194 interuenire.

259 229 293 291 Et
300 230 406 370 fluibus
416 231 492 294 hune
502 237 587 298 armis
599 240 731 302 scelerata
745 248 837 306 mente
852 241 973 325 subegit,

328 310 350 370 is
362 309 414 372 sibi
425 315 583 395 progeniem
598 319 715 381 subdere
728 329 815 382 certat
826 332 913 382 atrox.

259 388 307 450 Est
340 389 383 452 ule
403 412 523 475 nemque
538 417 631 468 verer,
642 399 768 480 sequitur
782 401 854 462 hane
869 402 1004 465 moeehie¹
1016 405 1116 488 turpis,

325 491 388 530 reus
402 482 429 532 et
443 475 572 546 avaritiae,
586 497 633 538 seu
648 480 738 540 scelus
751 480 870 556 invidiae,
1083 500 1117 550 to

213 569 216 574 ·
259 545 378 610 Tristitia
394 551 461 612 hine
474 555 578 634 segnis,
593 556 703 620 furiose
716 560 828 621 morbus
842 571 869 620 et
883 561 941 631 irae,

298 627 414 712 Duxque
424 631 521 694 harum
532 635 575 695 his
589 647 714 718 superest
723 639 788 700 inde
801 639 919 722 superbe
931 641 1001 703 lues.

257 705 341 769 Arma
357 711 404 772 sed
415 711 475 773 haec
507 715 581 776 osuit
591 716 665 778 Deus
679 717 722 779 his
734 721 868 781 contraria
878 720 969 802 larvis,

297 787 401 851 Herum
416 733 573 854 annuiietur
583 799 645 876 quis
658 799 795 880 sapienter
808 820 889 878 opus.
922 878 929 891 ι

258 865 306 928 Sie
316 867 428 931 adhibet
442 872 552 952 sapiens
562 877 686 938 medicus
698 881 832 940 contraria
842 878 946 941 morbis
1080 900 1113 946 rt

297 945 380 1009 Arma
395 969 410 1010 e
423 950 529 1013 diverso
540 1002 547 1030 ‚
560 955 640 1016 detur
654 967 685 1018 ut
698 959 769 1019 eima
783 958 868 1030 salus.

256 1025 366 1101 Frigida
380 1049 552 1111 componens
565 1035 671 1108 ualidis,
687 1036 829 1099 humentia
849 1039 939 1112 simis,

296 1105 389 1169 Mollia
400 1130 465 1170 eum
476 1111 561 1182 duris,
571 1114 680 1177 lenibus
693 1116 765 1257 hirta
775 1118 869 1180 etiam.

258 1183 357 1248 Sancta
371 1188 444 1270 gule
456 1190 605 1272 ingluviem
618 1215 736 1276 superae
757 1198 862 1279 jejunia
872 1196 974 1260 foedem

297 1264 364 1336 Quae
379 1269 494 1331 mortale
506 1281 613 1354 genus²
624 1275 718 1349 efficit,
731 1287 810 1349 artat,
824 1278 890 1360 agit.
1077 1295 1111 1340 eo

256 1343 339 1424 Virgo
354 1349 485 1426 pudicitie
494 1355 516 1424 ³,
527 1354 651 1434 specioso
663 1357 772 1438 eoinpta
786 1358 895 1432 decore,

296 1422 439 1509 Extinguit
451 1429 587 1505 flammas,
600 1441 668 1494 tetra
681 1435 780 1509 libido,
792 1446 864 1499 tuas.

257 1502 349 1565 Vincit
362 1507 504 1569 avaritiam
515 1511 579 1572 felix
594 1515 717 1594 operatio
731 1517 838 1594 dandi,-

297 1583 413 1646 Dextem
424 1588 498 1670 larga
514 1593 584 1670 gerit
597 1613 683 1673 quum
689 1595 804 1735 (fimetis
819 1617 898 1678 opus.

256 1663 392 1725 Invidiam
404 1678 515 1748 superat
525 1669 637 1733 Domini
650 1682 677 1734 et
709 1675 798 1736 iieetie
808 1676 931 1750 fratrum,
1075 1697 1109 1742 2⁵

298 1744 386 1825 Hujus
401 1756 428 1807 et
439 1755 499 1809 actu
516 1751 594 1830 ejusi
605 1773 689 1815 omne
699 1755 800 1816 fatiscit
812 1776 880 1837 epus
888 1776 898 1835 ;

257 1822 461 1909 Tristitiamque
475 1828 552 1912 fugat
565 1831 683 1894 fraterne
696 1835 798 1896 iueutio
811 1856 935 1918 segnem,

295 1901 397 1967 Orandi
408 1918 436 1968 et
447 1909 579 1978 studium.
593 1912 674 1974 leetiu
688 1915 745 1976 sive
756 1935 842 1976 secra.

254 1986 290 2045 At
303 2005 397 2048 seeum
409 1987 477 2049 imm
491 1990 592 2072 frangit
605 1994 733 2074 patientia
749 1995 847 2070 diram,

294 2062 377 2127 Lenis
391 2075 418 2128 et
430 2069 503 2130 iliius
512 2071 616 2151 spicula
628 2093 699 2134 saeva
712 2074 787 2135 terit.
1072 2097 1106 2144 :tu

253 2141 399 2224 Frangitur
408 2148 541 2228 exemplis
555 2151 648 2213 inflata
662 2153 790 2233 superbia
801 2154 911 2232 Christi,

293 2221 426 2305 Haneque
436 2237 527 2290 metus
541 2251 631 2312 poeuae
645 2233 726 2294 solvit
736 2244 764 2296 et
777 2235 866 2296 aimus
878 2256 965 2300 amor.

254 2298 301 2361 Sie
312 2304 453 2365 medieusi
464 2306 510 2367 hie
525 2328 573 2388 per
586 2312 720 2374 contraria
732 2333 806 2396 saepe
817 2315 953 2396 medetur,

293 2379 357 2442 Fert
368 2392 395 2444 et
405 2383 439 2445 ab
451 2389 583 2467 oppositis
598 2411 671 2471 saepe
681 2393 777 2455 seiutis
789 2415 880 2475 opem.

255 2463 301 2524 Sae
325 2482 340 2522 e
355 2463 439 2525 etiam
451 2486 500 2548 per
515 2488 558 2528 res
568 2470 675 2532 similes
687 2473 812 2535 eonserre
825 2475 960 2537 medelam
1071 2495 1104 2542 ae

316 2542 475 2607 ulnerihus⁶
486 2545 569 2629 hujus
585 2551 685 2612 assolet
695 2553 768 2614 elma
782 2574 900 2636 manus,

187 2792 194 2822 ¹
213 2789 377 2852 «sequere»
387 2790 477 2853 Voyez,
487 2803 550 2852 page
560 2793 615 2852 mi,
638 2791 752 2858 ellongee
764 2809 810 2858 per
824 2796 848 2846 la
859 2797 946 2868 eesure
962 2803 988 2848 et
1004 2810 1050 2861 per
1067 2799 1106 2850 les

154 2857 212 2901 note
227 2856 247 2899 1.
258 2877 289 2888 —
302 2851 430 2900 «Moeehia
437 2889 445 2914 ,
460 2869 470 2896 1
489 2852 613 2903 adultere.
639 2854 704 2904 deux
716 2871 854 2908 consenues
866 2865 1003 2910 sumentes.

153 2914 187 2963 Ge
196 2917 250 2962 mot
259 2919 296 2962 est
305 2912 386 2961 forme
396 2911 428 2960 du
442 2927 502 2977 grec
512 2916 614 2985 μοιχεία.
671 2917 682 2948 ⁴
701 2917 711 2962 i
727 2919 830 2984 HuJ'us»
843 2935 868 2970 se
880 2928 998 2994 repperere
1010 2923 1026 2994 a
1039 2939 1051 2966 α
1066 2921 1105 2972 di-

152 2980 558 3044 Nousavonsdejatairohserver
595 3000 616 3036 re
638 2979 712 3030 lectio
720 3001 731 3025 1
747 2988 772 3052 et
791 2983 875 3032 «e'us»
894 2984 910 3031 a
929 2984 1101 3047 «invidiam-

151 3045 188 3095 les
201 3044 312 3107 voyeltes
329 3043 435 3114 leugues
446 3050 472 3093 et
486 3044 522 3094 les
536 2998 615 3108 dusin-
639 3041 662 3090 le
678 3056 790 3114 premier
810 2997 841 3094 rie
858 3058 899 3094 ces
919 3058 1038 3107 pronoms
1065 3053 1106 3097 est

151 3107 278 3170 inungues
292 3105 474 3168 s’ebregeerent
493 3109 615 3158 ires-sou·
640 3105 694 3167 rigi
716 3119 762 3168 par
778 3119 868 3178 «aurun,
882 3126 892 3149 1
908 3106 931 3155 le
950 3108 1042 3157 second
1057 3121 1104 3171 par

151 3174 212 3219 veut
223 3169 285 3218 dens
299 3167 335 3217 les
353 3172 417 3216 muts
429 3169 472 3228 qui
491 3172 616 3231 passaient
640 3179 753 3228 nepus.»
765 3187 816 3212 -α
834 3168 918 3232 Ejus.»
930 3169 1021 3233 νοω,
1039 3183 1103 3234 page

150 3231 181 3282 de
209 3231 233 3280 le
256 3233 348 3302 langue
376 3241 485 3290 greeque
508 3230 569 3281 dens
589 3233 614 3282 la
638 3231 692 3289 258,
706 3237 764 3279 note
784 3238 803 3300 1.

151 3292 243 3356 langue
266 3293 353 3342 laune.
367 3291 461 3354 Voyez,
480 3304 544 3355 pege
562 3297 612 3358 81,
670 3293 681 3322 ¹¹
698 3310 709 3336 α
724 3291 859 3364 Medlcusn»
870 3292 962 3356 Voyez,
973 3297 1104 3359 page264,

150 3361 209 3404 note
225 3361 249 3404 5.
636 3361 694 3404 note
712 3357 730 3401 1.
739 3381 769 3390 -
780 3373 791 3398 α
802 3354 891 3418 Hujus.
903 3373 915 3399 ι
927 3355 1019 3419 Voyez,
1038 3368 1104 3420 page

182 3417 194 3448 ⁸
211 3435 223 3462 «
243 3419 355 3469 Genus.»
368 3415 460 3480 Voyez,
478 3429 541 3480 pege
554 3419 611 3475 258,
637 3419 692 3478 264,
704 3422 762 3465 note
775 3419 797 3464 1.
820 3477 824 3486 ι

151 3483 209 3528 note
224 3486 244 3528 r.
667 3478 679 3508 ⁶
697 3497 709 3520 «
724 3477 906 3530 Vulneribus.»
925 3477 1017 3542 Voyee,
1037 3493 1104 3544 page

182 3539 193 3569 ⁸
211 3539 366 3592 «Pudicitia.
380 3558 392 3585 1
406 3541 475 3591 cette
486 3539 562 3592 finale
633 3545 689 3603 264,
701 3545 759 3589 note
773 3545 793 3588 1.
