2566 4028
478 203 589 258 PIERRE
605 211 772 268 turriano.

243 295 408 366 Sanctomm
440 306 533 368 lurinri
548 311 595 391 qui
608 312 665 392 jam
678 314 856 397 dormierant,
890 315 894 322 ’

243 377 387 462 Surgentis
399 325 515 466 gddriam
526 393 665 472 surgendo
675 397 835 475 praedicant.

243 461 274 520 ln
286 464 478 528 testimonium
491 473 631 549 surgentis
645 473 769 556 Domini,

241 537 436 608 Consoendunt
448 551 559 624 mortui,
576 551 750 618 descendunt
763 561 866 642 angeli.

459 763 505 810 ΙΙΙ.
521 763 584 812 Sur·
608 769 639 814 le
654 769 877 836 §aine-mpure.

241 919 272 980 ln
286 921 374 984 altum
385 930 394 964 ¹
409 927 497 990 orhita
510 931 576 994 solis
586 934 644 1014 jam
657 937 774 1014 ducitur,

241 999 375 1084 Colorque
387 1006 494 1103 proficit
504 1030 558 1091 quo
569 1015 689 1078 mundus
703 1020 796 1095 alitur,

240 1078 301 1140 Lux
310 1083 442 1163 primum,
458 1089 558 1152 deinde
569 1095 644 1156 calor
654 1097 820 1176 infunditur,

240 1157 333 1230 Quum
348 1163 433 1226 fidem
452 1168 571 1234 charitas
583 1175 612 1235 in
623 1177 705 1238 nohis
719 1182 853 1263 sequitur.

240 1321 318 1384 Hanc
329 1323 421 1394 lucem
435 1328 501 1391 fidei
515 1333 557 1393 sol
566 1355 647 1396 verns
658 1338 761 1416 attulit,

241 1399 272 1461 ln
283 1423 364 1466 carne
375 1405 496 1469 Verbum
506 1432 556 1474 nos
569 1435 655 1496 quum
667 1419 828 1500 visitaverit,
880 1437 885 1444 “

226 1483 348 1544 ·Coelum
361 1484 544 1552 fortissimum
555 1496 675 1556 amoris²
689 1501 779 1562 attulit

239 1559 296 1623 Hac
310 1563 530 1650 hort³Spiritus
545 1592 629 1655 quern
641 1575 763 1641 Verbum
775 1583 891 1648 miserit.
1062 1629 1080 1656 ι

241 1719 313 1784 Hinc
326 1726 399 1786 recte
413 1729 529 1809 Spiritus
542 1732 570 1793 in
583 1733 647 1815 igne
658 1726 733 1800 visus
748 1749 791 1803 est

241 1799 333 1894 Super·
345 1806 503 1888 Apostolos,
515 1831 603 1893 quum
614 1815 687 1878 hoc*
699 1819 828 1902 largitum
838 1830 900 1898 est;

239 1879 310 1942 Nam
324 1889 397 1966 rgnis
409 1908 487 1950 amor
501 1895 603 1974 estqui
617 1904 725 1960 mentes
739 1901 853 1980 animat,

239 1959 275 2022 Ut
288 1972 389 2028 testem
399 1967 503 2030 luteam
517 1971 589 2054 ignis
602 1977 769 2042 corroborat.
867 2012 872 2018 ·

421 2155 472 2231 iv.
489 2185 552 2235 Sur
567 2189 601 2236 ra
616 2191 737 2243 renone
751 2197 915 2247 cremone.

240 2344 344 2410 prenae·
359 2351 474 2416 meridie
485 2353 533 2416 lux
544 2357 609 2419 solis
623 2360 721 2436 radiat,

238 2427 396 2511 Plenusque
408 2433 480 2494 calor
490 2444 532 2496 est
542 2457 598 2519 quo
608 2443 729 2505 mundus
743 2452 849 2508 aestuat.

238 2507 421 2572 Beatitudinis
435 2513 495 2575 haec
509 2524 551 2606 est
568 2519 710 2600 perfectio,

239 2585 331 2658 Quum
341 2590 398 2673 ipsa
413 2591 463 2654 Dei
476 2614 527 2656 nos
541 2599 670 2662 incendet
684 2602 763 2665 visio.

238 2747 323 2829 Cujus
336 2753 391 2832 qud
406 2752 488 2815 fucrit
501 2754 589 2838 major
603 2759 735 2842 cognitio,

237 2827 324 2910 Major
338 2832 366 2890 in
378 2832 496 2913 singulis
511 2842 561 2896 erit
576 2838 698 2913 ditectio,

237 2907 327 2978 Quem
341 2911 410 2972 nihil
425 2914 498 2975 aliud
514 2917 565 2976 erit
582 2921 751 3000 conspicere,

237 2987 325 3058 Qudrn
336 2996 400 3052 vent
414 2995 516 3075 perfrui
528 2996 708 3062 heatitudine.

169 3283 178 3314 ¹
200 3282 254 3332 «ln
268 3281 359 3331 altum.
373 3299 384 3326 u
396 3283 458 3333 Vers
476 3285 507 3334 de
526 3285 602 3336 douze
628 3287 792 3356 Sairrt-Esprit
804 3298 841 3342 est
852 3292 978 3343 descendo
996 3307 1039 3352 sur
1056 3296 1092 3347 les

135 3345 602 3460 utenteattentent:
628 3352 788 3466 Attica.
812 3437 823 3462 ‚‚
845 3417 878 3465 u
896 3429 1004 3472 noum
1026 3433 1093 3470 iem.

134 3469 182 3526 ris,
194 3483 258 3519 »mn
270 3469 317 3518 ciel
329 3469 423 3532 charge
435 3471 558 3522 d'arnour.
626 3476 698 3540 place
711 3477 733 3526 le
745 3485 800 3528 mot
813 3495 827 3525 o
840 3479 956 3527 verbum.
969 3499 981 3524 u

169 3532 181 3563 ὅ
200 3549 214 3584 «
228 3531 281 3581 Hac
292 3530 364 3581 hort.
376 3547 390 3578 u
405 3531 469 3584 tl’est
480 3535 603 3600 emittit
659 3539 670 3568 ⁸
689 3557 700 3584 a
714 3541 800 3598 Fient,
812 3546 859 3590 eto.
872 3557 884 3584 u
898 3541 961 3592 Vers
971 3543 1002 3593 dc
1013 3542 1091 3596 doure

133 3592 159 3646 la
171 3593 300 3647 troisienre
311 3593 391 3644 heure
400 3594 434 3646 du
446 3597 506 3661 jour
517 3609 566 3662 que
578 3598 602 3648 le
627 3599 745 3667 spinther.
757 3601 851 3668 Voyen,
860 3615 924 3668 page
934 3605 990 3670 tre,
1000 3613 1092 3664 notet.
