2566 4028
177 205 224 255 861
538 198 762 260 THEODULPHE.

270 307 335 370 Daec
349 307 473 372 nocitura
485 309 545 372 lues
556 317 644 373 totum
654 310 834 372 circumvolat
842 310 948 384 orbem,

309 387 437 528 Mapnarn
451 389 599 452 hominum
611 399 715 471 partem
725 410 787 482 quae
800 390 904 454 furiosa
913 395 1001 456 vorat.
1093 410 1131 456 cc

270 467 345 530 Tabe
367 476 501 552 atrgatur¹
516 469 567 532 hdo
581 478 646 531 aetas
659 490 750 531 omnis
765 480 793 532 et
806 471 884 543 ordo,

311 547 405 630 Virgo,
417 549 627 690 poemenius,
642 569 724 612 sexus
738 558 856 632 uterque
866 551 961 612 simut.

270 627 370 768 Mappa
384 650 417 691 ve
429 640 459 692 ut
471 630 563 768 mapni
577 630 703 710 cupiunt,
718 630 759 690 sic
773 630 884 710 parvula
895 631 982 712 parvi,

342 709 402 770 usic
418 729 496 770 mure
522 710 575 770 acit
585 709 660 789 quod
671 708 715 770 leo
730 717 825 770 torvus
836 730 898 772 ove.

273 788 439 870 Compositis
452 789 536 869 igitur
546 787 652 849 cunctis
665 808 713 870 per
727 788 835 870 singula
849 790 943 862 rebus,
1095 810 1130 854 cs

311 868 442 929 Poscitut
454 868 538 928 officii
551 877 659 947 tempus
675 875 702 928 et
712 869 779 929 ordo
790 868 844 940 sui,

272 945 392 1010 Sedibus
403 945 546 1008 ordinibus
556 948 568 982 ²
579 947 673 1028 populi
686 947 823 1009 residente
835 955 944 1021 senatu,

311 1029 406 1102 Quum
420 1043 447 1088 te
464 1034 625 1108 susceptum
637 1026 704 1088 seila
714 1027 818 1088 curulis
829 1027 923 1099 habet,

272 1105 329 1167 Dos
339 1105 565 1188 circumspiciens
576 1105 659 1167 affare
669 1105 735 1167 hinc
745 1107 844 1167 talibus
854 1106 934 1180 ursis,

314 1184 416 1278 Sicque
430 1189 476 1267 pio
486 1194 577 1248 tecum
592 1185 691 1247 mentis
705 1190 815 1248 amore³
829 1205 934 1250 mune:
1094 1203 1129 1252 to

278 1288 294 1324 u
307 1265 408 1328 Discite
415 1265 562 1347 justitiam,
579 1265 699 1327 coelestia
712 1266 808 1327 discite
817 1265 905 1346 jussa,

316 1345 383 1416 Quae
398 1345 477 1406 Pater
485 1346 648 1407 altithronus
663 1345 753 1406 sanxit
767 1345 801 1406 ab
813 1365 863 1406 axe
877 1344 950 1428 puli;

273 1422 439 1494 HancDens‚
447 1424 519 1486 hanc
526 1434 615 1501 vates,
622 1425 694 1486 hanc
702 1425 790 1506 leges,
801 1425 872 1486 hanc
882 1444 993 1506 quoquc
1000 1425 1129 1510 princeps

311 1503 501 1564 percensent*
511 1525 518 1573 ;
530 1503 590 1565 haec
604 1504 645 1565 vis
662 1514 772 1586 pectora
784 1510 896 1566 “nostra
912 1514 999 1587 regat.

273 1581 305 1643 Si
315 1601 365 1644 nos
379 1582 425 1644 ilia
440 1589 526 1664 regat,
539 1583 656 1664 populos
670 1604 721 1645 nos
737 1585 789 1645 rite
804 1604 943 1666 regemus
1096 1600 1130 1650 ⁷5

313 1661 392 1724 Mens
405 1662 476 1724 bene
488 1670 588 1724 cuncta
598 1663 680 1743 regit,
692 1684 775 1744 quam
785 1663 860 1726 Deus
873 1663 932 1747 ipse
944 1664 1025 1746 regit.
1041 1687 1057 1724 u

415 1935 471 1983 ΙΙΙ.
489 1935 533 1983 Le
545 1934 627 1996 lupe
639 1933 708 1982 doit
723 1933 824 1982 eviter
835 1935 992 1998 romeli,

277 2152 396 2235 Adspice
406 2171 442 2214 ne
455 2152 533 2214 vitiet
540 2149 663 2214 tumidus
673 2148 821 2229 precordia
833 2149 930 2232 fastus,

317 2231 389 2292 Dum
404 2231 464 2291 loca
477 2230 621 2292 sublimis⁶
632 2229 749 2291 editiora
761 2239 850 2300 tenes,

276 2310 405 2390 Dumque
418 2309 511 2369 favent
519 2308 625 2390 populi,
636 2308 744 2368 vallaris
759 2308 883 2390 pluribus
894 2328 979 2381 unus,

315 2388 443 2470 Undique
453 2399 479 2448 te
490 2398 600 2469 septum
617 2389 796 2468 prosperitate
808 2397 906 2468 pntes;
1095 2407 1128 2453 to

275 2469 352 2532 Neve
367 2468 440 2551 quod
453 2488 483 2529 es
495 2469 607 2529 demant
621 2467 719 2528 oblivia
740 2469 834 2609 sepnia
853 2469 950 2543 menti,

317 2549 419 2612 Ultima
433 2553 467 2610 sit
477 2568 586 2614 semocr
604 2547 763 2629 conspicien
784 2569 799 2608 3
812 2548 881 2610 dies.

279 2631 316 2694 Ut
327 2632 419 2694 valeas
430 2630 506 2692 omni
519 2628 649 2690 vitiorum
664 2627 746 2689 sorde
758 2648 861 2690 carere.

320 2711 379 2774 Hoc
392 2711 465 2794 quod
476 2731 505 2773 es
518 2708 642 2792 aspicito,
657 2727 713 2769 non
727 2715 819 2770 tamen
835 2707 863 2769 id
874 2708 948 2790 quod
962 2708 1061 2775 habes.

214 2972 221 3002 ⁸
243 2970 433 3034 «Fritigerno»
454 2971 489 3020 La
509 2971 585 3020 finale
604 2978 642 3021 est
662 2971 740 3034 juges
758 2971 827 3021 etant
837 2969 899 3020 assis
916 2984 962 3022 sur
972 2971 1042 3023 leurs
1052 2973 1131 3040 siege·

181 3033 248 3084 elion
267 3033 315 3104 ep,
343 3045 442 3082 comme
462 3045 526 3082 nous
546 3032 641 3082 l'avuns
666 3032 907 3104 danslesrangsdu
920 3034 1025 3096 peupte.

181 3095 239 3160 deje
250 3045 299 3144 iant
315 3093 442 3152 observer,
462 3098 486 3142 1ο
502 3105 547 3156 par
559 3093 583 3141 ta
600 3095 641 3144 ce·
700 3096 710 3124 ⁸
729 3114 741 3139 α
761 3098 802 3144 Pro
822 3093 913 3144 mentis
934 3109 1031 3152 amore.
1042 3112 1057 3144 u
1070 3098 1131 3148 daus

180 3171 238 3210 sure
250 3163 276 3208 et
285 3169 331 3220 par
341 3156 445 3205 t'acccnt
456 3156 500 3219 qui
513 3159 584 3217 porte
598 3168 642 3204 sur
667 3154 693 3204 la
701 3157 789 3248 pieuse
802 3156 941 3206 sollicitune
950 3159 982 3208 de
993 3165 1038 3208 ton
1047 3172 1127 3210 ooeur.

180 3221 206 3272 13
229 3221 322 3285 syliabe
339 3217 431 3330 plaute
451 3218 467 3266 3
487 3217 512 3289 ta
537 3217 640 3288 cdsure;¹
730 3234 744 3264 n
764 3219 922 3290 percensent,
937 3238 947 3262 ι
961 3225 1020 3269 sunt
1040 3220 1076 3271 les
1088 3222 1133 3272 re·

181 3287 263 3345 2⁰pur
282 3282 318 3332 i'h
357 3296 374 3328 u
391 3285 445 3329 mut
462 3284 578 3335 solvant,
597 3290 640 3338 qur
669 3278 850 3367 gupateursffle
862 3279 887 3350 .¹'‘¹
898 3281 1012 3342 justice).

180 3339 642 3466 suscitarentur
668 3409 717 3465 u
730 3337 1133 3466 accaronitarum

178 3464 290 3512 certaine
306 3463 458 3523 aspiration,
476 3465 559 3519 etqui
578 3467 641 3515 Joua
668 3468 791 3504 sciemus.

180 3522 245 3570 ainsi
265 3524 289 3570 te
314 3523 367 3572 rute
386 3523 461 3572 d'une
481 3529 617 3569 consoune.
700 3515 732 3558 ει
744 3515 876 3567 Sublimis.
885 3521 994 3587 moysa,
1004 3537 1070 3589 page
1080 3530 1134 3592 2⁹08,

211 3581 253 3622 ¹«
267 3581 373 3631 Sedibus
384 3583 527 3632 ordinibus.
554 3596 566 3622 o
593 3577 640 3625 Les
669 3581 753 3623 note!
780 3612 786 3623 ·
