2486 4018
183 111 366 272 'stlte
415 143 643 268 EUGENE
695 161 768 266 ιιι
811 145 1052 267 temne,

181 511 253 564 saint
274 513 378 626 Eussene
401 511 432 560 de
454 508 545 580 Tolede
565 508 639 558 vteut
660 508 724 580 (tans
751 509 776 581 le
814 510 940 572 premiere
961 511 1047 561 moitie
1071 509 1103 558 du

150 589 196 626 vu·
215 575 299 626 siecle.
329 574 383 624 lace
398 571 545 635 melgrtlut
560 569 639 622 surle
652 571 721 634 stege
736 571 862 634 eptseopal
884 572 916 622 de
942 573 1036 622 Totede
1059 583 1100 682 Yer

151 638 327 690 tteetsuinthe.
345 635 382 686 roi
399 635 442 684 dee
460 633 546 686 (toths.
557 631 575 680 il
590 643 721 695 gouverna
733 633 846 696 pendant
866 647 929 684 onze
942 647 992 684 ans
1015 634 1102 698 l’tgise
1210 665 1211 668 ι

151 699 183 752 de
202 706 268 752 cette
286 699 345 750 ville
363 705 390 749 et
405 702 510 748 mourut
527 707 585 744 vers
606 697 663 744 660.

505 982 762 1058 EPITAPHES.
822 974 825 979 ’

629 1183 745 1272 L„

255 1369 369 1450 Excipe,
390 1367 498 1431 Christe
511 1377 622 1453 potem,
642 1369 789 1430 diseretam
809 1388 925 1451 corpore
942 1377 1062 1430 mentem

252 1448 288 1511 Ut
302 1448 405 1529 possim
414 1448 489 1530 picei
510 1468 621 1528 poenam
631 1449 717 1510 vitare
730 1449 861 1511 barathri.

253 1527 369 1590 Grandis
381 1526 455 1588 inest
467 1527 547 1607 cutpa
564 1534 588 1604 ¹,
605 1529 655 1590 sed
666 1538 697 1590 tu
711 1529 812 1610 pietate
821 1527 980 1600 redundes3

251 1605 446 1687 Elu'eprobra,
463 1605 554 1680 Pater,
568 1617 597 1668 et
609 1608 673 1670 vitae
689 1609 807 1669 crimina
823 1608 898 1670 totle.

227 1693 230 1700 '
253 1685 315 1748 Non
327 1688 380 1748 sim
389 1706 438 1768 pro
449 1686 575 1747 meritis²
586 1696 745 1749 sanctorum
763 1688 880 1749 coetihus
894 1688 993 1761 exsul;

255 1765 353 1828 Judice
365 1774 392 1828 te
409 1766 496 1849 prosit
508 1775 633 1828 sanetum
645 1766 746 1828 vidisse
758 1767 887 1828 tribunal.

256 1846 314 1920 vis,
328 1846 426 1926 lettor,
437 1866 498 1908 -uno
511 1847 559 1928 qui
572 1847 625 1907 sim
638 1845 800 1927 dignoseere
818 1848 921 1907 versu?

255 1925 341 2008 Signa
355 1925 446 2009 priora
455 1926 527 2008 lege,
543 1945 607 1987 mox
619 1925 717 1989 ultima
727 1930 811 1988 ntsse
823 1925 953 1996 valebis³.

654 2113 691 2173 11.

255 2259 309 2331 Qui
324 2279 369 2320 me
383 2259 418 2320 de
432 2260 519 2320 nihilo
534 2260 670 2336 formasti,
681 2259 812 2322 Conditor
827 2260 911 2334 alme,

294 2337 336 2400 Tu
350 2338 411 2429 pius
422 2338 452 2399 in
466 2339 585 2411 tumulo,
603 2347 632 2400 tu
654 2359 716 2402 mea
737 2339 860 2400 membra
875 2341 946 2402 fove.

255 2417 298 2480 En
308 2416 378 2479 cims
389 2417 423 2478 ad
443 2417 566 2480 cinerem
580 2419 661 2492 redii,
682 2420 821 2500 vitamque
837 2420 943 2501 peregi,

296 2496 352 2559 Sed
366 2503 459 2579 putres
470 2498 576 2559 cineres
590 2507 618 2558 tu
637 2518 763 2580 reparare
777 2499 860 2559 vales.

257 2579 394 2640 Ascendet
406 2582 428 2650 ⁸,
442 2581 459 2639 t
473 2576 580 2639 Christe
594 2585 703 2659 potent,
719 2584 780 2660 post
793 2577 848 2638 fate
862 2585 983 2660 peraeta,

298 2659 439 2742 Eugenius
455 2659 550 2720 dextra
565 2657 645 2720 laetus
666 2658 701 2718 ad
718 2665 793 2718 astra
806 2657 861 2718 vie.

195 2865 228 2908 ¹«
249 2865 338 2929 Culpa.
360 2884 372 2911 ι
395 2865 481 2915 Finale
504 2864 618 2930 allongee
689 2864 786 2914 ³Cette
804 2863 883 2926 piem,
893 2876 992 2914 comme
1009 2864 1034 2914 la
1058 2866 1115 2928 prt-

159 2937 207 2990 per
216 2926 241 2975 la
250 2928 346 2976 cesure.
360 2928 394 2976 La
403 2928 489 2977 meme
500 2928 618 2977 observa·
655 2926 770 2987 cedente,
788 2935 827 2974 est
838 2924 986 2976 acrostiehe.
1008 2927 1113 2977 Lenem

91 2987 96 2996 '
161 2987 214 3038 tion
234 2988 372 3052 s'applique
394 3001 444 3037 eux
466 2987 555 3038 finales
576 2988 619 3037 des
657 2988 830 3050 «Eugenius»
849 2994 887 3037 est
900 2987 981 3036 forme
1001 2988 1045 3038 des
1057 3002 1115 3052 pre-

163 3053 253 3100 motsa
270 3055 349 3113 pater,
360 3050 446 3111 tector,
456 3049 522 3114 lege,
532 3065 546 3097 »
557 3050 619 3099 dans
656 3049 748 3099 mieres
769 3049 855 3098 lettres
878 3049 910 3098 de
931 3049 1029 3112 chaque
1049 3063 1115 3100 vers.

163 3111 199 3162 les
219 3125 277 3162 vers
295 3112 417 3162 suivants.
688 3110 1054 3161 *uAscendateFinaleallo
1091 3114 1118 3162 te

195 3174 233 3219 ἰ
253 3175 301 3224 Pro
321 3174 428 3237 meritis,
444 3175 568 3224 uacause
587 3173 618 3222 de
655 3185 701 3234 par
724 3173 749 3221 ta
769 3173 863 3224 nesure.
878 3173 973 3236 Voyez,
989 3178 1076 3238 paget
1111 3211 1117 3234 ‚

163 3249 218 3288 mes
230 3237 328 3300 peches.
655 3241 747 3285 notet.
1210 3239 1211 3260 1
