2518 4042
198 273 241 320 su
508 271 599 322 meu
615 271 657 321 DE
672 269 900 321 sulm-ulcheio.

198 368 318 427 Tandem
331 371 419 444 cupite
431 370 551 443 punitur,
710 370 814 426 Bonum
826 368 903 425 uobis
913 368 959 424 dat
969 375 1150 440 unguentum,

199 443 241 508 Et,
255 440 319 498 dum
329 449 415 500 morie
426 444 518 498 mors¹
533 442 637 512 sinitur,
711 441 740 499 si
752 456 800 509 per
810 457 888 496 suum
898 440 1084 496 interventum

234 512 302 569 vitae
316 513 390 574 subit
401 513 504 584 gaudie.
745 510 1009 569 Nostrasuuatuiiia.

200 584 311 655 Angelis
325 600 388 641 mcx
401 585 452 640 fuit
464 600 536 640 curae

200 656 268 711 Dare
280 670 378 728 corpus
389 656 531 726 sepulturae

233 726 317 783 ’44444
330 728 425 799 9404444
438 726 498 784 4444·
684 741 695 752 “
745 741 890 798 Gaudeus²
904 741 961 813 ipsu
973 741 1065 798 videat

745 814 784 868 De
799 828 828 868 se
842 827 964 884 praesens
975 811 1101 886 μυῶν,

746 886 781 942 Et
791 882 880 940 future
893 884 1021 955 praeheat,

202 958 516 1029 (ileumexipsameuut
745 955 1063 1026 Quaededitpraescntiu‚

200 1027 280 1100 Quod
292 1027 415 1084 infirmos
426 1030 525 1085 iuuiios
538 1035 614 1086 sanat
697 1059 700 1064 -
745 1027 779 1082 Et
792 1025 837 1081 liic
849 1025 927 1082 uobis
938 1026 1063 1098 gaudeat,

234 1099 467 1172 Evideuiigrutih.
744 1099 798 1154 Nos
810 1097 850 1153 iili
862 1097 891 1152 in
902 1096 988 1170 glorie
1000 1096 1013 1134 4

225 1424 450 1522 EPITAPHE
479 1440 646 1522 D'ADAM
673 1439 730 1520 DE
761 1429 1127 1522 silui-vicToR'.

260 1992 353 2053 flaeres
368 1990 483 2070 peccati,
497 1992 593 2050 nature
606 1987 679 2050 filius
693 1987 751 2059 irae,

301 2069 437 2151 Exiliique
449 2089 512 2130 reus
526 2069 648 2130 nescitur
662 2066 863 2129 omnishomo.

259 2150 338 2211 Unde
352 2149 474 2230 superbit
487 2149 584 2224 homo,
600 2148 678 2228 cujus
690 2149 832 2229 conceptio
847 2148 936 2230 culpa,

300 2229 382 2290 Nasci
398 2249 488 2308 poena,
504 2229 580 2289 labor
591 2229 657 2299 uita,
673 2247 786 2289 necesse
798 2229 888 2288 mori?

260 2308 335 2369 Vana
349 2309 424 2368 seius
435 2308 571 2378 hominio,
585 2327 672 2367 venus
686 2308 777 2378 decor,
792 2309 885 2368 omnia
899 2327 984 2382 vana3

304 2387 378 2448 iuter
391 2407 471 2458 vena,
486 2386 556 2446 nihil
569 2388 666 2449 vanius
679 2398 720 2448 est
731 2387 855 2448 homine.

260 2467 334 2532 Dum
348 2467 436 2545 magis
447 2465 573 2526 eiluduut
586 2469 726 2544 praeseutio¹
738 2468 835 2548 gaudia
850 2468 922 2540 viiae,

302 2546 437 2618 Praeterit,
455 2546 511 2608 imo
524 2544 611 2627 fugit3
629 2567 685 2608 uon
700 2547 782 2628 sugit,
798 2546 853 2608 imo
867 2547 946 2628 perit.

262 2632 328 2690 Post
349 2627 493 2687 hominem
508 2628 618 2698 vermis,
634 2636 696 2709 post
708 2647 831 2688 vermem
846 2628 877 2687 su
891 2629 970 2707 ciuis,
983 2627 1057 2691 heu!
1075 2629 1151 2692 heu!

300 2705 348 2770 Sic
362 2706 433 2770 redit
445 2707 478 2768 ed
493 2707 615 2768 cinerem
627 2708 715 2789 gioria
727 2716 819 2768 nostra
831 2728 923 2768 suum.

236 2945 255 2983 ¹'
268 2952 370 3002 «Mors.
382 2968 396 2999 o
420 2952 455 3001 Lu
474 2952 514 3002 vio
535 2954 662 3016 presente,
689 2974 700 3000 «ι
714 2955 819 3004 Futura.
831 2969 845 3001 o
859 2952 1052 3005 sous-entendu
1066 2968 1157 3020 «gau-

204 3025 340 3125 parceque
358 3015 455 3076 chaque
476 3027 581 3078 pesque
601 3029 664 3065 nous
687 3017 736 3067 dia.
747 3033 760 3063 u
781 3021 787 3032 “

214 3077 370 3126 aisonsoans
390 3083 455 3126 cette
474 3077 513 3126 vie
535 3078 555 3126 si
577 3087 663 3128 courte
719 3078 731 3114 4
752 3097 765 3126 u
778 3079 857 3132 Hic.»
871 3078 968 3142 ici-has,
987 3093 1034 3142 pai·
1052 3081 1156 3143 opposi-

204 3146 289 3189 estun
301 3152 345 3201 pas
358 3139 402 3202 qui
416 3152 480 3189 nous
491 3141 616 3204 approche
629 3141 662 3191 du
687 3143 739 3193 tion
761 3144 777 3190 a
799 3159 813 3188 u
830 3142 856 3189 iu
878 3141 969 3203 glorie.
986 3160 998 3185 »
1021 3142 1094 3191 Voici
1118 3144 1154 3192 du

202 3201 329 3252 tombeuu.
687 3215 752 3255 reste
774 3205 797 3254 le
815 3217 872 3252 sens
884 3204 915 3253 de
929 3218 970 3252 ces
989 3204 1057 3253 deux
1072 3218 1153 3253 vers:

233 3261 245 3292 ¹
268 3263 347 3313 hieme
362 3263 484 3326 rliythiue
503 3279 552 3326 que
569 3265 593 3313 la
605 3279 661 3328 sep·
686 3268 780 3326 Qu'elle
792 3279 893 3329 periage
906 3266 994 3314 ici-bos
1005 3275 1078 3316 notre
1087 3267 1154 3327 joie,

200 3324 663 3390 hiemestrophedelasequeuceiieri
686 3343 733 3392 que
756 3343 819 3379 nous
842 3329 989 3392 portagious
1013 3329 1036 3376 ia
1060 3329 1155 3379 sienne
1243 3375 1244 3390 ,

200 3391 312 3436 muudus
324 3388 459 3451 coulicuit,
472 3391 487 3437 a
498 3399 561 3440 cette
574 3403 659 3451 excep·
685 3394 747 3442 deus
768 3399 789 3441 ie
806 3391 890 3453 sejour
901 3391 1017 3453 giorieux
1037 3391 1071 3439 du
1091 3392 1152 3442 ciel.
1243 3399 1244 3402 ’

95 3499 98 3506 ,
201 3449 255 3498 tion
274 3451 331 3511 pres
352 3463 400 3512 que
421 3451 456 3500 ies
469 3465 523 3500 vers
542 3459 598 3502 soni
614 3452 660 3502 iios
717 3456 815 3504 “cette
837 3452 953 3515 epicephe
974 3459 1013 3503 eut
1033 3465 1066 3501 en
1092 3467 1154 3502 vers

199 3511 262 3562 trois
277 3514 293 3559 a
306 3511 368 3562 trois
385 3526 431 3576 par
443 3514 486 3563 des
497 3514 575 3564 rimes
591 3515 660 3564 croi·
685 3517 836 3582 elegiaques.
849 3515 928 3566 Adam
949 3515 980 3564 du
1003 3515 1154 3565 saint-Vic-

201 3573 263 3623 sees.
368 3636 373 3645 .
683 3587 724 3629 tor
759 3579 792 3630 l'e
826 3577 957 3640 composee
991 3589 1057 3642 pour
1095 3577 1153 3627 lui·

232 3637 244 3665 ⁸
269 3635 432 3696 «Gauium
457 3646 529 3689 notre
548 3641 609 3702 joie.
629 3669 658 3678 -
684 3643 776 3692 memo
