2542 4038
194 170 241 220 ΗΟ

301 267 373 340 Opta
385 268 467 326 nimis
477 270 486 308 ¹

262 340 266 348 ’
301 338 376 395 Utin
390 341 484 412 primis

265 405 316 465 'l'ui
330 410 379 465 des
393 413 563 485 memoriam,

300 479 336 537 Ut
349 480 506 555 frequenter

301 551 335 607 Et
347 550 475 611 decenter

267 617 352 678 Tuam
362 630 470 682 cantem
482 627 604 700 gloriam.

302 781 432 851 Quamvis
447 793 522 844 muta

301 855 336 910 Et
350 856 453 926 polluta

266 922 326 980 Mea
336 926 420 982 seiam
432 927 502 984 labia
511 928 535 1000 ²,

301 996 523 1056 Praesumendum

302 1065 503 1124 Neesiteudum

266 1135 314 1192 Est
327 1135 362 1194 de
375 1137 420 1194 tud
435 1139 531 1212 gloria.

303 1296 396 1370 Virgo,
407 1301 502 1373 gaude,

303 1366 475 1428 Omnilaude

266 1437 304 1492 Di
343 1445 547 1512 aetprreeenio,

329 1525 368 1564 uae
382 1510 513 1569 damnatis

301 1578 444 1637 Libertatis

265 1645 347 1706 Facta
359 1666 389 1706 es
401 1654 519 1713 occasio.
560 1711 562 1718 ,

302 1809 417 1883 Semper
430 1815 531 1872 munda

302 1881 336 1937 Et
348 1881 463 1942 fecunda

266 1948 314 2006 Vir
333 1968 348 2008 ο
363 1961 390 2010 et
402 1971 546 2030 puerpera,

328 2028 384 2079 ater
398 2027 479 2096 aima,

302 2092 382 2149 Velut
392 2097 481 2166 palma

266 2161 381 2222 Flerens
394 2174 420 2223 et
434 2167 585 2242 fructifera3

302 2319 384 2378 Cu'us
397 2324 487 2383 ssore³

301 2391 339 2448 Ve
362 2393 445 2451 odore

262 2461 537 2539 Recrearieupimus‚

302 2535 384 2608 Cujus
398 2536 487 2594 fructu

221 2673 224 2677 .
301 2605 355 2662 Nes
369 2607 469 2665 aiuetu

265 2675 387 2734 biberari
401 2680 547 2739 credimus.

297 2836 414 2894 Pulchra
430 2845 486 2897 tota

193 2906 206 2946 5
295 2907 364 2976 §ine
376 2911 439 2964 neti

263 2974 462 3051 Cujuseumque
476 2982 601 3053 maeutae,

565 175 658 230 SAINT
673 179 830 234 BERNARD.

807 281 860 338 Fae
869 297 919 338 nes
931 285 1046 343 mundos

808 356 846 408 Ae
855 352 990 425 jocundos

773 423 811 480 Te
825 423 931 482 laudare
943 426 1045 483 sedule.

808 584 832 642 0
843 584 919 642 beata

807 655 861 712 Per
872 673 952 730 quam
963 663 1025 714 nata

773 725 846 783 Nora
859 729 961 786 mundo
975 729 1083 802 gaudia,

808 799 843 853 Et
855 806 947 870 aperta

809 868 874 924 Fide
887 871 961 926 certi

773 938 867 1011 Regna
879 946 943 997 sunt
954 941 1094 1014 caelestia3

809 1099 862 1154 Per
876 1114 957 1225 ‹Luam
971 1101 1088 1158 muudus

809 1169 881 1224 Laeta
901 1169 988 1228 undus

773 1237 844 1295 Vero
858 1238 943 1312 fuiget
957 1241 1069 1311 lumine,

810 1309 875 1367 Anti
896 1326 991 1368 narum
1012 1365 1014 1370 ,

809 1326 991 1438 Teneduarum

774 1451 875 1509 Exutus
888 1452 1020 1524 ealigine!

808 1609 887 1666 Nunc
901 1618 1028 1682 potentes

809 1679 879 1736 Sunt
888 1689 1001 1752 egentes

774 1750 849 1808 Sicut
862 1751 927 1807 olim
943 1754 1048 1813 dixeras
1054 1755 1079 1825 ⁴,

809 1822 844 1876 Et
857 1823 938 1894 egeni

809 1892 892 1948 Fiunt
907 1894 992 1965 pleni,

775 1963 853 2031 Quod
866 1969 897 2020 tu
909 1965 1129 2037 prophetaveras.

808 2122 861 2179 Per
871 2129 897 2180 te
908 2139 1015 2182 merum

809 2193 1043 2266 Nuncprarnrum

773 2264 971 2337 Relinquuntur
984 2265 1074 2338 devia,

809 2336 998 2392 Doctrinarum

810 2407 1002 2463 perversarum

773 2475 853 2532 Pulsa
865 2483 926 2534 sunt
940 2480 1089 2554 prestigia.

808 2637 900 2693 Mundi
913 2637 990 2694 luxus

807 2707 896 2790 Atque
911 2708 997 2766 fluxus

773 2779 899 2834 Decursti
910 2796 1050 2854 spernere,

810 2849 896 2906 Deum
910 2852 1004 2924 quaeri,

810 2920 926 2976 Carnem
936 2923 999 2994 teri,

774 2988 850 3047 vitiis
862 2992 1006 3064 resistere;

224 3225 232 3256 ¹
253 3224 383 3287 «Nimis»
400 3225 538 3293 beaumup,
548 3231 648 3283 ardem-
704 3235 716 3268 ⁴
730 3235 822 3287 «Sicut
831 3237 893 3287 oiim
903 3237 1009 3288 dixeras.
1022 3256 1033 3283 υ
1047 3239 1132 3293 Eran-

191 3293 271 3338 meni.

673 3296 724 3360 gile
744 3299 814 3348 selon
832 3301 898 3350 saint
914 3301 977 3360 Luc,
998 3300 1039 3350 eh.
1060 3317 1083 3366 ι,
1102 3320 1130 3356 v.

224 3347 236 3377 ²
261 3349 361 3400 «Muta
381 3357 406 3400 et
425 3350 520 3414 polluta
540 3353 614 3404 labia.
635 3376 646 3402 ι
674 3361 714 3415 52.
735 3361 804 3409 san
821 3361 939 3424 Deposuit
960 3368 1074 3425 petentes
1098 3367 1131 3418 de

191 3406 417 3518 vereziafagwdo
438 3419 529 3464 noted.

305 3484 380 3522 ore.»
398 3449 490 3539 V'eyez,
512 3488 575 3540 page
593 3478 649 3538 328,

195 3532 253 3575 nota
263 3531 287 3576 ¹1.

673 3420 740 3480 sede,
750 3428 776 3470 et
791 3421 911 3472 exaltavit
926 3423 1046 3474 humiles.
1065 3427 1132 3478 Fsu-

673 3481 766 3538 rientes
782 3482 898 3546 implevit
907 3484 1031 3546 bonis‚et
1040 3485 1134 3542 divites

673 3541 769 3592 dimisit
780 3543 875 3597 inanes.
888 3565 899 3590 υ
