2566 4028
501 215 616 272 PIERRE
635 212 803 273 nssnrtint).
1083 218 1125 270 ili

278 324 352 398 Quos
365 325 394 385 in
407 324 526 386 amicitie
537 344 586 388 sua
599 343 721 405 quaerere
734 323 810 386 lucra
823 323 939 399 videbis
1078 331 1127 376 ¹0⁵

317 405 396 476 Quod
410 405 464 467 dici
478 405 601 485 cupiunt,
618 403 671 465 hoc
684 405 813 466 simulare
825 405 905 466 scias.

276 485 307 548 Si
321 505 379 547 non
395 485 540 560 subvenias
555 483 643 545 donec
656 493 684 544 te
698 494 792 546 exoret
805 483 920 558 amicus,

314 567 382 637 Ouae
395 565 459 627 dare
474 573 501 625 te
515 564 614 635 credis,
630 563 748 624 vendere
761 565 841 626 crede
856 586 898 625 me
920 565 953 626 is.

273 645 336 707 Non
350 665 434 727 parvo
446 643 549 726 preti0¹
563 652 605 704 est
617 643 701 704 rubor
713 644 760 705 ilie
774 587 1061 728 rogantisffmbendus

313 725 386 797 Quo,
400 745 462 808 quae
476 731 506 785 tu
521 722 589 784 dieis
601 724 685 797 dona,
699 731 810 785 coactus
823 727 901 786 emit.
1075 741 1123 788 lto

272 805 338 867 Plus
352 805 449 887 recipit
462 807 546 886 quim
557 803 613 877 dat,
630 823 679 886 pro
693 804 773 865 donis
784 805 908 886 quisquis
920 813 1042 878 amatum

311 884 382 946 Nam
394 883 461 966 quid
474 883 592 945 amicitit
605 884 694 945 carius
709 905 769 944 esse
782 887 891 958 potest?

269 965 386 1044 Maiores
400 972 490 1046 grates
504 964 577 1025 dono
587 965 689 1044 majore
700 985 838 1026 meremur
852 989 860 1025 ι

309 1045 397 1126 Majus
408 1064 438 1106 se
452 1043 560 1106 dendo²
577 1045 661 1124 quim
673 1063 723 1104 suo
737 1045 855 1126 quisque
867 1043 951 1105 dabit.

269 1124 346 1186 Alter
357 1145 409 1207 ego
422 1124 476 1185 nisi
488 1123 539 1197 sis,
553 1142 610 1185 non
624 1143 654 1184 es
666 1123 735 1184 mihi
749 1143 830 1185 verus
844 1123 966 1196 amicus3
1071 1140 1120 1185 11⁵

309 1204 343 1266 Ni
357 1205 426 1265 mihi
440 1204 478 1265 sis
490 1211 524 1264 ut
536 1223 599 1286 ego,
615 1223 671 1264 non
681 1204 735 1264 eris
747 1203 815 1264 alter
827 1223 890 1285 ego.

269 1283 427 1355 Quihonus
441 1290 492 1356 est,
507 1283 640 1344 damnum
653 1283 805 1343 contemnit
818 1290 928 1366 propter
940 1282 1077 1356 amicum3

309 1363 355 1426 Sic
367 1363 491 1426 etenim³
505 1363 595 1445 prodi,
613 1363 636 1423 si
647 1363 682 1424 sit
695 1363 811 1435 amicus,
825 1362 918 1426 habet.

267 1443 351 1507 Cn’us
365 1443 526 1506 criminibus
538 1445 592 1504 cito
607 1442 707 1522 credis,
722 1461 822 1504 nones
838 1445 955 1510 amicus.

306 1465 425 1586 {Iltimus
437 1523 503 1584 hinc
514 1530 629 1605 propriae
643 1523 695 1584 scit
705 1524 776 1584 male
790 1523 906 1663 {uisque
920 1523 1031 1586 dormis.
1068 1539 1117 1586 120

264 1603 327 1665 Non
341 1604 462 1686 poterit*
476 1603 599 1685 proprios
612 1622 777 1685 cognoscere
810 1603 866 1665 ives
879 1603 995 1678 amicos,

304 1685 348 1745 An
360 1685 415 1745 sint
428 1683 545 1744 fortunae
557 1683 662 1744 scilicet
674 1690 722 1743 aut
732 1682 865 1745 hominis.

264 1763 372 1844 Pauper
388 1764 416 1824 io
429 1762 483 1824 hoc
497 1763 560 1823 felix
574 1782 665 1824 errore
678 1771 720 1826 est
734 1763 803 1826 liber
816 1763 851 1824 ab
864 1763 933 1836 isto;

304 1845 396 1915 Quum
410 1844 480 1926 perit
490 1843 559 1917 haeo,
573 1850 690 1925 pereunt
699 1863 769 1923 quos
779 1841 860 1903 delrat
874 1841 919 1903 illa
933 1841 992 1903 tibi.

259 1921 306 1994 sit
320 1924 370 1985 tihi
383 1925 539 2014 praecipnus
551 1922 676 2062 cinisquis
689 1922 780 1983 bonus
797 1922 870 1983 inter
883 1921 986 1984 amicos
1064 1937 1113 1984 125

300 2004 358 2066 Nec
371 2024 478 2065 memor
492 2023 521 2064 rn
534 2010 560 2064 ta
573 2023 623 2064 em
631 2001 797 2064 conditionis
809 2006 820 2040 ⁶
834 2001 898 2063 eris.

261 2085 323 2146 Non
335 2084 442 2164 homini
456 2091 495 2162 te,
511 2083 559 2144 sed
574 2084 640 2144 vitio
651 2081 753 2144 servire
766 2081 879 2164 pudebit
893 2103 901 2154 ;

301 2163 393 2236 Quum
406 2164 441 2225 sit
454 2163 538 2224 libera
552 2183 642 2242 mem,
657 2163 696 2223 nil
706 2161 755 2224 tihi
769 2172 849 2245 turpe
862 2168 952 2244 putes.

261 2245 324 2307 Non
338 2253 390 2321 est,
406 2263 489 2325 quem
503 2252 619 2334 possunt
631 2262 807 2324 corrumpere
825 2243 907 2318 dona,
921 2240 1030 2304 fidelis:

301 2325 430 2389 Proditor
441 2323 552 2385 alterius
565 2343 622 2384 non
635 2323 683 2384 tibi
697 2323 770 2386 lidus
782 2321 865 2385 erit⁶.
1063 2336 1114 2384 1³0

260 2484 350 2557 Quem
363 2491 460 2546 nature
476 2503 542 2545 suos
557 2503 615 2544 non
628 2504 661 2545 co
682 2482 703 2544 it
717 2503 809 2544 amare
823 2488 961 2565 parentes,

299 2565 452 2629 Concilione
465 2562 515 2626 tihi
528 2565 614 2647 gretia
625 2505 701 2624 nuile
715 2571 818 2644 potest.

158 2725 221 2782 peut
245 2718 344 2770 obtenir
365 2729 412 2781 que
439 2716 483 2767 des
509 2716 624 2781 presents
645 2714 682 2764 lui
693 2714 737 2778 qui
749 2727 775 2764 se
787 2714 871 2762 donne
886 2711 1019 2762 lui-meme
1030 2710 1113 2782 donne

157 2781 224 2832 n'est
247 2783 311 2842 rien,
336 2780 377 2829 n'e
397 2793 495 2830 aucune
524 2779 622 2828 realite.
646 2775 829 2841 plusquecelui
838 2774 882 2836 qui
890 2774 1019 2823 donneses
1027 2773 1109 2824 biens.

157 2844 229 2894 Cette
258 2844 375 2907 peinture
397 2843 428 2893 de
454 2841 558 2891 t'amitie
586 2847 624 2891 est
682 2841 723 2884 ⁵«
735 2838 775 2887 Sic
785 2839 889 2898 etenim,
902 2843 960 2895 etc,
973 2851 987 2882 n
998 2837 1059 2885 c‘est
1068 2848 1114 2898 por

157 2906 210 2956 fort
221 2905 406 2968 remarquabte.
647 2901 672 2950 lt
690 2914 720 2950 en
736 2899 796 2972 etiet
807 2899 869 2970 qu'il
881 2906 942 3011 Eeut
953 2912 1064 2962 prouver
1075 2897 1114 2948 s'il

191 2970 200 2998 ¹
220 2987 231 3012 ι
253 2969 307 3017 Non
326 2979 405 3030 parvo
426 2966 516 3030 pretio,
537 2971 585 3015 etc.
606 2981 620 3012 n
646 2968 728 3014 estun
740 2963 882 3011 eminente
901 2963 933 3011 le.

156 3029 251 3080 Pensee
270 3029 375 3080 delicate
391 3035 417 3078 ct
435 3029 494 3078 bien
515 3028 621 3077 renone.
680 3027 723 3072 ⁴«
743 3025 798 3074 Non
821 3025 914 3088 poterit
920 3030 1009 3087 ‚etc.»
1025 3023 1111 3082 Ovide,

188 3093 201 3123 ⁸
219 3111 231 3137 ι
244 3093 326 3156 Mojus
342 3105 368 3141 se
379 3091 471 3151 dando,
482 3097 541 3153 etc,
554 3106 568 3137 »
580 3103 622 3139 ce·
648 3089 752 3152 Tristes,
762 3103 776 3134 n
788 3086 833 3137 liv.
847 3087 867 3151 1,
878 3087 964 3152 Elegio
976 3099 1030 3150 vm,
1040 3099 1066 3135 r.
1078 3090 1111 3136 5:

281 3183 349 3221 Donet
365 3182 403 3219 cris
416 3181 460 3218 felix
473 3180 543 3218 murro·
558 3179 667 3217 numernbis
684 3179 769 3222 emicone

331 3232 427 3280 Tempore
442 3229 543 3268 nituerint
560 3229 631 3273 nutriit,
650 3228 701 3265 eolus
716 3229 761 3265 eris.

187 3306 405 3359 ¹⁵nConditionis
423 3326 435 3352 e
450 3312 494 3378 est¹
508 3305 561 3378 pris
580 3305 612 3354 ici
649 3305 764 3377 dresscnt
795 3304 852 3367 plus
878 3297 1112 3366 particulierement

154 3372 219 3422 dans
249 3372 273 3421 le
298 3384 355 3422 sens
383 3370 414 3420 de
443 3375 549 3432 posmoo
577 3381 615 3418 so-
651 3367 839 3430 auJeunetge
856 3377 956 3415 comme
974 3363 998 3411 la
1016 3364 1112 3413 morale

154 3435 229 3487 ciale.
651 3442 699 3491 que
712 3429 859 3478 Latomeine
873 3426 921 3475 tire
932 3423 962 3473 de
975 3437 1002 3472 sa
1014 3424 1080 3476 table
1089 3427 1112 3476 te

185 3497 254 3548 ⁰011
269 3503 325 3548 sent
336 3507 386 3558 que
395 3508 436 3545 ces
457 3491 615 3543 conseilss’a-
652 3493 756 3540 trenaro
778 3498 801 3538 et
824 3491 860 3539 ta⁴
876 3488 989 3550 vigenne
1007 3501 1016 3536 :

402 3575 524 3623 Trompeurs,
534 3572 578 3610 c'en
586 3585 636 3620 pour
647 3583 693 3608 rous
701 3581 738 3618 que
746 3568 816 3617 j'terir,

407 3621 580 3666 Accedet-rouro
591 3625 607 3657 ta
622 3619 711 3670 porcille.
