2542 4038
172 171 221 222 ⁴52

556 171 646 222 SleT
662 171 818 222 BERNARD.

279 263 428 322 Benedicta

279 336 332 391 rue
345 352 395 392 nos
409 337 447 393 itu

243 405 300 462 Tun
309 407 378 463 testu
388 409 479 466 cetere
493 408 516 477 ¹,

278 477 314 534 Ut
328 485 470 535 venturam

279 549 333 605 Per
346 556 373 604 te
387 549 456 605 iram

244 619 383 676 Pessimus
396 619 529 677 evadere·

281 769 369 827 Oinsi
388 770 443 840 nis,

281 841 317 898 Ut
328 848 356 898 te
368 787 469 923 dignis·

245 912 389 968 Vntenrnns
400 909 522 968 laudibus

281 981 421 1048 venerari,

278 1052 332 1109 Fae
346 1051 470 1108 mundari

245 1123 300 1180 Nos
314 1139 330 1178 n
342 1121 430 1193 culpis
443 1121 585 1179 omnibns!

281 1273 363 1347 Virgo
373 1280 477 1342 sanctu,

284 1346 372 1401 Cerne
388 1351 488 1416 quantu

156 1424 160 1430 '
243 1414 523 1486 Perternmusjugiter

281 1486 470 1552 renumenu,

281 1557 315 1610 Et
326 1559 449 1609 sustenta

243 1627 307 1697 Nus,
322 1629 353 1680 ut
364 1629 467 1680 sturnus
480 1622 596 1680 fortiter.

280 1775 355 1833 Heu!
365 1774 435 1850 ‘quid
449 1773 511 1838 feei,

283 1848 373 1916 Quum
388 1863 433 1903 me
448 1843 513 1902 neei

246 1918 355 1975 Tradidi
367 1924 519 1990 pernetuae,

280 1989 405 2046 Vanitnte

281 2063 380 2142 Captus
396 2058 459 2141 vitae

244 2133 338 2188 Brerrs
353 2136 380 2186 et
393 2131 516 2202 exiguae!

280 2277 363 2348 Virgo
376 2277 460 2345 mitis,

282 2346 326 2403 Ad
345 2352 371 2401 te
387 2347 469 2401 tristis

246 2420 281 2475 Et
289 2430 406 2474 rnoerens
418 2415 558 2488 coningio,

281 2487 419 2545 Meliorem
440 2485 453 2522 ²

283 2559 328 2617 Ad
341 2558 499 2631 languorem

246 2633 344 2689 Curam
357 2645 413 2686 non
426 2627 557 2700 inveni03

281 2783 361 2839 Tere
381 2797 426 2837 are

282 2798 422 2923 Singuiare

246 2925 283 2981 La
301 2921 337 2976 sis
350 2927 391 2976 est
403 2921 564 2984 remedium,

317 2989 406 3046 nitatis

280 3059 433 3121 vulneratis

791 265 828 320 Te
844 263 965 336 requirat

792 334 845 401 Qui
855 334 971 405 suspirat

756 408 868 463 Pressns
885 406 956 461 mole
970 404 1132 474 eriminum,

791 475 898 532 Habens
909 482 998 534 ratum

791 546 868 614 Quen
883 547 1018 628 placatum

753 616 859 674 Reddes
869 634 895 673 er
907 618 1069 675 Dominum.

790 771 851 824 Deo
863 766 958 839 junetn

789 840 870 895 Potes
883 846 982 896 cuneta

755 911 825 965 Dare
835 916 863 965 te
872 909 1041 982 rogantibus,

791 979 880 1047 Quum
893 981 1020 1054 malignis

791 1051 825 1106 Et
836 1049 963 1122 benignis
998 1115 1000 1122 y

756 1123 877 1193 imperes
888 1121 1038 1192 spiritibus.

793 1271 860 1338 Quae
872 1272 992 1329 seductis

792 1341 859 1413 Spes
873 1343 965 1399 salutis

755 1414 833 1469 Esset
845 1419 891 1469 aut
903 1413 1037 1480 solatium,

792 1483 821 1539 Si
835 1499 890 1540 non
904 1484 983 1540 nobis

792 1555 890 1610 Faetor
906 1555 980 1612 orbis

755 1628 840 1680 Daret
852 1625 906 1681 hoe
919 1625 1093 1682 remedium?

792 1775 821 1834 Si
831 1775 924 1831 divina

793 1845 925 1902 Medicina
969 1871 977 1878 -
1025 1889 1030 1896 .

757 1917 894 1973 Detuisset
905 1917 1025 1988 vulneri,

792 1985 864 2060 Quid
876 1987 986 2054 iaetnri,

793 2059 852 2126 Qud
866 2059 931 2114 ituri
1009 2121 1019 2130 ,

757 2129 811 2185 Nos
824 2144 930 2186 eramus
945 2128 1059 2186 miserit

793 2280 875 2334 ttater
907 2278 992 2334 rima⁶

793 2350 872 2406 Nosa
911 2350 966 2405 ima

687 2449 701 2494 3
758 2420 811 2476 Suo
829 2421 908 2476 traxit
922 2419 1049 2490 erimine,

668 2501 672 2510 ’
709 2499 713 2508 ’
792 2491 871 2546 Nunc
882 2497 973 2546 reatus

793 2562 842 2616 Est
855 2561 955 2617 ablatus

707 2661 709 2668 ,
757 2631 822 2686 Tune
836 2633 921 2702 prolis
936 2630 1078 2704 sanguine.

792 2781 871 2838 Nune
884 2797 1025 2855 regressus

791 2853 839 2908 Est
853 2868 999 2910 concessus

757 2920 797 2979 dd
810 2939 927 2994 superne
941 2921 1039 2996 gaudia

792 2993 1021 3065 Hisquirineunt

791 3065 825 3120 Et
840 3064 996 3137 relinquunt

246 3139 298 3193 Per
311 3148 390 3207 quarn
400 3129 477 3188 datur
486 3127 611 3202 gaudium
622 3129 645 3182 ³.
756 3131 846 3190 Mundi
858 3135 1001 3192 desideria.

209 3361 217 3389 ¹
237 3359 307 3408 «Fac
329 3370 373 3407 nos
390 3356 483 3406 colere.
498 3374 510 3399 υ
526 3350 629 3421 Vener,
657 3367 746 3404 curam
754 3356 886 3406 meliorem
895 3357 927 3406 ad
934 3357 1114 3422 languorem.-

176 3431 220 3468 sur
230 3436 242 3462 ι
252 3418 357 3468 tacere»
371 3417 494 3468 construit
505 3425 565 3465 avec
576 3411 632 3460 t’ru·
694 3417 704 3445 ³
722 3434 733 3460 ι
747 3419 886 3467 sanitatis»
905 3426 943 3469 est
964 3420 988 3470 le
1002 3421 1116 3484 eomplet-

176 3477 263 3537 finitis,
275 3493 338 3542 page
351 3482 405 3540 206,
416 3486 473 3528 note
493 3486 513 3528 t.
656 3481 727 3524 ment
739 3476 769 3524 de
788 3497 798 3521 α
810 3479 939 3540 gandium.
948 3499 960 3523 ι

208 3538 220 3567 “
238 3540 411 3590 ιῦοηεινυίεοι
423 3559 450 3588 2«
464 3541 519 3589 Non
526 3539 629 3592 invenio
690 3535 699 3565 ⁸
717 3537 821 3588 «Mater
831 3540 946 3601 prime.»
966 3541 1026 3591 tire.
