2496 4022
632 189 781 250 PREFACE.

325 299 393 359 Quot
404 306 448 350 tua
457 299 593 365 progenies
602 299 665 350 celo
676 299 805 352 descendit
815 301 847 352 ab
858 302 917 354 alto.

323 370 454 423 Attulit-et
464 370 538 422 nobis
548 369 683 434 aliquando
694 373 841 438 optantibus
855 381 916 424 aetas

324 441 453 494 Auxilium
465 443 653 506 adventumque
666 444 708 494 [lui
717 458 813 508 :quum
824 445 921 500 lentina
932 447 1044 510 primdm

307 551 311 557 ,
324 511 440 578 Virginis
449 527 478 564 os
489 514 656 578 habitumque
668 527 760 579 gerens
771 515 898 578 (mirabile
909 515 999 583 dictu),

324 583 376 636 Nec
387 585 489 649 generis
500 586 579 636 nostri
593 599 702 650 puemm
715 599 761 637 nec
773 588 905 652 sanguinis
915 589 983 639 edit:

322 655 434 721 Seraque
445 657 550 710 terrifici
562 656 710 708 cecinerunt
721 659 809 709 omnia
821 665 899 724 vates,

322 727 467 780 Adventare
478 729 565 778 virum
577 729 677 793 populis
687 729 813 793 terrisque
825 731 974 794 superbum,

250 851 254 860 ,
322 798 426 850 Semirm
437 801 469 850 ab
479 800 600 864 aethereo,
612 800 656 863 qui
668 801 765 851 viribus
777 809 882 866 occupet
892 803 992 868 orbem,

251 899 256 908 ·
323 869 464 938 imperium
476 883 578 936 oceanq
591 869 686 924 temam
698 871 743 938 qui
755 871 876 924 terminet
887 872 960 926 astris
969 875 989 926 ¹.

462 1049 637 1106 nnlsslnce
652 1047 694 1100 DE
703 1037 918 1099 stuscnmsu
928 1050 949 1101 ⁸.

350 1194 413 1254 Quae
424 1205 491 1244 nova
501 1192 545 1242 lux
557 1189 663 1250 mundo,
676 1201 733 1252 quae
745 1192 797 1238 toto
808 1185 890 1252 gretie
901 1186 984 1237 ereio?

320 1262 383 1321 Quis
394 1263 443 1313 luit
453 1255 497 1312 ille
509 1261 587 1324 nitor,
599 1261 686 1310 llerlae
698 1271 780 1323 quum
792 1257 907 1308 Christus
918 1258 950 1308 eb
961 1258 1018 1308 alvo

320 1333 444 1384 Processit
454 1333 587 1397 splendore
598 1330 683 1382 novo?
694 1330 765 1380 velut
775 1331 830 1393 ipse
840 1329 930 1380 decoro

319 1405 430 1467 Sponsus
440 1417 519 1454 ovans
529 1403 651 1466 thalamo,
664 1400 746 1452 lormd
756 1401 882 1465 speciosus
893 1402 993 1452 amoene

320 1475 375 1526 Prae
387 1477 453 1528 natis
464 1477 610 1540 hominum,
622 1475 695 1538 cujus
707 1474 821 1526 radiante
834 1473 917 1546 ligura

320 1547 442 1599 Blandior
453 1549 481 1598 in
492 1548 564 1600 labiis
574 1548 667 1600 diffusa
678 1553 716 1597 est
727 1546 810 1611 gratia
821 1546 944 1610 pulchris.

321 1620 342 1670 0
354 1619 435 1672 facilis
446 1619 539 1686 pietes!
552 1633 585 1670 ne
597 1634 643 1671 nos
654 1618 746 1670 servile
758 1625 867 1681 teneret,

320 1692 425 1744 Peccalo
437 1694 593 1752 dominante,
603 1697 704 1758 iugum,
717 1691 818 1742 servilia
830 1705 946 1742 summus

318 1763 437 1816 Membra
446 1765 507 1816 tulit
519 1765 651 1823 llominus,
664 1764 790 1828 primique
801 1764 834 1813 al)
843 1763 942 1828 origine
953 1765 1043 1816 mundi

318 1833 412 1886 Omnia
422 1836 467 1901 qui
480 1837 590 1901 propriis
601 1836 678 1886 vestit
689 1835 817 1885 nascentia
828 1835 910 1899 donis,

317 1907 417 1960 Obsitus
428 1910 528 1975 exiguis
539 1909 631 1960 habuit
642 1907 771 1960 velamina
782 1907 873 1970 pannis
885 1921 891 1956 :

318 1981 451 2048 Quemque
463 1983 594 2046 procellosi
606 1993 658 2032 non
670 1979 772 2030 mobilis
784 1979 851 2029 unda
864 1979 992 2043 profundi,

314 2053 451 2104 Terrarum
463 2069 516 2105 non
526 2067 603 2104 omne
615 2053 707 2115 solum,
719 2051 877 2114 spatiosaque
891 2050 935 2100 lali

310 2122 372 2172 ¹Non
383 2124 452 2187 capit
461 2123 521 2173 aula
531 2123 593 2185 poli,
606 2119 699 2184 puerili
710 2121 738 2169 in
750 2133 854 2183 corpore
867 2120 956 2183 plenus

317 2191 420 2254 Mansit,
433 2198 461 2243 et
471 2198 579 2257 angusto
591 2193 657 2242 Deus
668 2191 696 2242 in
708 2204 819 2256 praesepe
831 2191 936 2255 quievit.

347 2333 432 2392 Salve.
444 2340 531 2386 sancte
542 2347 641 2398 parens.
654 2334 728 2385 enim
739 2347 866 2398 puerpera
877 2347 975 2399 regem,

319 2405 368 2466 Qui
381 2406 473 2457 caelum
484 2411 630 2470 terramque
642 2412 712 2457 tenet
723 2419 769 2470 per
781 2405 882 2470 saecula,
894 2407 969 2469 cujus

315 2477 428 2535 Numen,
440 2484 467 2529 et
477 2481 571 2529 aterno
582 2476 753 2540 complectens
763 2476 851 2530 omnia
862 2489 925 2542 gpro

315 2549 454 2614 imperium
466 2550 520 2601 sine
532 2550 584 2600 dne
595 2557 693 2612 manet,
705 2561 761 2613 quae
772 2553 862 2598 ventre
874 2549 947 2599 beato

314 2619 413 2671 Gaudia
424 2622 513 2672 matris
523 2622 620 2672 habene
630 2623 690 2670 cu'm
702 2619 857 2684 virginitatis
868 2622 971 2684 honore,

230 2727 235 2734 .
315 2692 368 2742 Nec
378 2691 490 2755 primam
502 2692 612 2742 similem
623 2692 678 2742 visa
689 2705 725 2750 es,
738 2704 785 2741 nec
796 2691 889 2741 habere
900 2698 1048 2756 sequentem
1054 2711 1064 2757 ,-

315 2763 374 2814 Sola
384 2763 438 2814 siue
449 2764 565 2828 exemplo
577 2762 694 2827 placuisti
706 2761 802 2813 lemine
812 2762 925 2813 Christo!

260 2968 415 3049 Pourquoi
424 2969 501 3032 dono
509 2968 671 3033 s’obstiner
682 2967 867 3031 doonsaorer
875 2967 1114 3034 exdusivemeut
1126 2974 1176 3039 les

222 3065 352 3132 malchos
364 3068 476 3132 anndos
490 3069 527 3134 de
537 3075 624 3134 notre
636 3073 781 3152 jeunesse
795 3067 813 3131 d
827 3069 878 3133 des
891 3068 972 3133 iddes
983 3070 1038 3151 qui
1051 3091 1091 3136 ne
1107 3075 1177 3139 doi-

222 3173 296 3230 vent
308 3165 378 3247 plus
386 3166 521 3248 revivre;
535 3166 707 3245 dsacrifier,
718 3185 771 3231 sur
785 3164 893 3230 l’autel
905 3165 1017 3231 ddmoli
1031 3170 1083 3235 des
1096 3171 1178 3238 faux

257 3382 265 3412 ¹
293 3381 354 3432 «ln
372 3381 564 3433 Testamentum
589 3381 690 3433 Novum
715 3383 839 3434 Centones
865 3380 1021 3448 virgiliani,
1042 3405 1053 3431 ι
1074 3388 1179 3443 edition

223 3451 328 3504 d'llenri
341 3452 550 3518 Estienne,1578.
564 3511 565 3516 ἵ

254 3525 267 3555 ²
286 3544 298 3570 ι
310 3525 405 3578 sedulii
418 3527 490 3588 Opus
502 3525 647 3585 Possidio,
660 3544 671 3570 ι
685 3526 802 3587 compose
814 3539 872 3576 sous
883 3527 920 3578 les
932 3539 1081 3591 empereurs
1091 3531 1179 3585 Theo-

224 3594 283 3648 dose
293 3596 318 3650 le
328 3596 410 3652 leune
421 3602 448 3650 et
457 3594 622 3650 vuenunien
633 3595 677 3661 lll,
689 3601 763 3648 entre
776 3597 821 3646 ito
833 3602 859 3646 et
869 3600 926 3648 loo.
