<?xml version="1.0" encoding="UTF-8"?>
<!DOCTYPE html PUBLIC "-//W3C//DTD XHTML 1.0 Transitional//EN"
    "http://www.w3.org/TR/xhtml1/DTD/xhtml1-transitional.dtd">
<html xmlns="http://www.w3.org/1999/xhtml" xml:lang="en" lang="en">
 <head>
  <title>
</title>
<meta http-equiv="Content-Type" content="text/html;charset=utf-8" />
  <meta name='ocr-system' content='tesseract 3.04.00' />
  <meta name='ocr-capabilities' content='ocr_page ocr_carea ocr_par ocr_line ocrx_word'/>
</head>
<body>
  <div class='ocr_page' id='page_1' title='image "./carminaepoetisc00clgoog/carminaepoetisc00clgoog_0417.png"; bbox 0 0 2566 4028; ppageno 0'>
   <div class='ocr_carea' id='block_1_1' title="bbox 610 219 793 272">
    <p class='ocr_par' dir='ltr' id='par_1_1' title="bbox 610 219 793 272">
     <span class='ocr_line' id='line_1_1' title="bbox 610 219 793 272; baseline -0.005 -3"><span class='ocrx_word' id='word_1_1' title='bbox 610 219 793 272; x_wconf 73' lang='lat' dir='ltr'>ANONYMES.</span> 
     </span>
    </p>
   </div>
   <div class='ocr_carea' id='block_1_2' title="bbox 281 317 835 640">
    <p class='ocr_par' dir='ltr' id='par_1_2' title="bbox 283 317 835 400">
     <span class='ocr_line' id='line_1_2' title="bbox 283 317 835 400; baseline -0.009 -17"><span class='ocrx_word' id='word_1_2' title='bbox 283 321 364 383; x_wconf 88' lang='lat' dir='ltr'>Nunc</span> <span class='ocrx_word' id='word_1_3' title='bbox 377 321 406 382; x_wconf 91' lang='lat' dir='ltr'>in</span> <span class='ocrx_word' id='word_1_4' title='bbox 420 319 536 382; x_wconf 80' lang='lat' dir='ltr'>excelsis</span> <span class='ocrx_word' id='word_1_5' title='bbox 549 318 684 382; x_wconf 84' lang='lat' dir='ltr'>Dominus</span> <span class='ocrx_word' id='word_1_6' title='bbox 697 317 835 400; x_wconf 78' lang='lat' dir='ltr'>refulgens</span> 
     </span>
    </p>

    <p class='ocr_par' dir='ltr' id='par_1_3' title="bbox 283 399 747 483">
     <span class='ocr_line' id='line_1_3' title="bbox 283 399 747 483; baseline -0.013 -20"><span class='ocrx_word' id='word_1_7' title='bbox 283 400 318 463; x_wconf 88' lang='lat' dir='ltr'>Et</span> <span class='ocrx_word' id='word_1_8' title='bbox 331 420 414 483; x_wconf 91' lang='lat' dir='ltr'>super</span> <span class='ocrx_word' id='word_1_9' title='bbox 428 400 512 461; x_wconf 86' lang='lat' dir='ltr'>ooelos</span> <span class='ocrx_word' id='word_1_10' title='bbox 526 399 600 461; x_wconf 78' lang='lat' dir='ltr'>licus</span> <span class='ocrx_word' id='word_1_11' title='bbox 614 399 747 469; x_wconf 82' lang='lat' dir='ltr'>elevatus,</span> 
     </span>
    </p>

    <p class='ocr_par' dir='ltr' id='par_1_4' title="bbox 281 477 734 640">
     <span class='ocr_line' id='line_1_4' title="bbox 281 477 734 557; baseline -0.007 -16"><span class='ocrx_word' id='word_1_12' title='bbox 281 481 348 542; x_wconf 91' lang='lat' dir='ltr'>inde</span> <span class='ocrx_word' id='word_1_13' title='bbox 359 487 489 542; x_wconf 88' lang='lat' dir='ltr'>venturus</span> <span class='ocrx_word' id='word_1_14' title='bbox 502 479 585 540; x_wconf 88' lang='lat' dir='ltr'>homo</span> <span class='ocrx_word' id='word_1_15' title='bbox 597 477 734 557; x_wconf 88' lang='lat' dir='ltr'>judicatus</span> 
     </span>
     <span class='ocr_line' id='line_1_5' title="bbox 442 558 655 640; baseline -0.019 -20"><span class='ocrx_word' id='word_1_16' title='bbox 442 559 538 620; x_wconf 84' lang='lat' dir='ltr'><strong>Denuo</strong></span> <span class='ocrx_word' id='word_1_17' title='bbox 550 558 636 640; x_wconf 82' lang='lat' dir='ltr'>judex</span> <span class='ocrx_word' id='word_1_18' title='bbox 644 575 655 636; x_wconf 87' lang='lat'>;</span> 
     </span>
    </p>
   </div>
   <div class='ocr_carea' id='block_1_3' title="bbox 280 715 910 804">
    <p class='ocr_par' dir='ltr' id='par_1_5' title="bbox 280 715 910 804">
     <span class='ocr_line' id='line_1_6' title="bbox 280 715 910 804; baseline -0.013 -22"><span class='ocrx_word' id='word_1_19' title='bbox 280 719 368 782; x_wconf 85' lang='lat' dir='ltr'>Corda</span> <span class='ocrx_word' id='word_1_20' title='bbox 379 727 411 781; x_wconf 90' lang='lat' dir='ltr'>tu</span> <span class='ocrx_word' id='word_1_21' title='bbox 425 738 534 780; x_wconf 89' lang='lat' dir='ltr'>sursum</span> <span class='ocrx_word' id='word_1_22' title='bbox 546 715 629 778; x_wconf 85' lang='lat' dir='ltr'>modo</span> <span class='ocrx_word' id='word_1_23' title='bbox 642 723 735 777; x_wconf 91' lang='lat' dir='ltr'>nostra</span> <span class='ocrx_word' id='word_1_24' title='bbox 747 715 823 794; x_wconf 88' lang='lat' dir='ltr'>tolle,</span> <span class='ocrx_word' id='word_1_25' title='bbox 905 794 910 804; x_wconf 30' lang='grc' dir='ltr'>Ι</span> 
     </span>
    </p>
   </div>
   <div class='ocr_carea' id='block_1_4' title="bbox 281 795 779 1039">
    <p class='ocr_par' dir='ltr' id='par_1_6' title="bbox 281 795 779 1039">
     <span class='ocr_line' id='line_1_7' title="bbox 281 795 779 872; baseline -0.012 -10"><span class='ocrx_word' id='word_1_26' title='bbox 281 801 342 872; x_wconf 83' lang='lat' dir='ltr'>Quo</span> <span class='ocrx_word' id='word_1_27' title='bbox 356 798 429 860; x_wconf 90' lang='lat' dir='ltr'>Patri</span> <span class='ocrx_word' id='word_1_28' title='bbox 444 799 538 860; x_wconf 77' lang='lat' dir='ltr'>dexter</span> <span class='ocrx_word' id='word_1_29' title='bbox 554 797 658 859; x_wconf 84' lang='lat' dir='ltr'><strong>resides</strong></span> <span class='ocrx_word' id='word_1_30' title='bbox 670 797 699 856; x_wconf 92' lang='lat' dir='ltr'>in</span> <span class='ocrx_word' id='word_1_31' title='bbox 713 795 779 867; x_wconf 81' lang='lat' dir='ltr'>alto,</span> 
     </span>
     <span class='ocr_line' id='line_1_8' title="bbox 281 875 722 960; baseline -0.009 -21"><span class='ocrx_word' id='word_1_32' title='bbox 281 879 323 940; x_wconf 89' lang='lat' dir='ltr'>Ne</span> <span class='ocrx_word' id='word_1_33' title='bbox 336 887 511 960; x_wconf 79' lang='lat' dir='ltr'>resurgentes</span> <span class='ocrx_word' id='word_1_34' title='bbox 525 877 607 938; x_wconf 85' lang='lat' dir='ltr'>facias</span> <span class='ocrx_word' id='word_1_35' title='bbox 622 877 652 936; x_wconf 92' lang='lat' dir='ltr'>in</span> <span class='ocrx_word' id='word_1_36' title='bbox 666 875 722 936; x_wconf 90' lang='lat' dir='ltr'>ima</span> 
     </span>
     <span class='ocr_line' id='line_1_9' title="bbox 441 955 619 1039; baseline -0.006 -21"><span class='ocrx_word' id='word_1_37' title='bbox 441 955 619 1039; x_wconf 85' lang='lat' dir='ltr'>Praecipitari.</span> 
     </span>
    </p>
   </div>
   <div class='ocr_carea' id='block_1_5' title="bbox 280 1114 895 1438">
    <p class='ocr_par' dir='ltr' id='par_1_7' title="bbox 281 1114 820 1193">
     <span class='ocr_line' id='line_1_10' title="bbox 281 1114 820 1193; baseline -0.009 -15"><span class='ocrx_word' id='word_1_38' title='bbox 281 1117 340 1178; x_wconf 91' lang='lat' dir='ltr'>Hoc</span> <span class='ocrx_word' id='word_1_39' title='bbox 353 1115 435 1178; x_wconf 91' lang='lat' dir='ltr'>Pater</span> <span class='ocrx_word' id='word_1_40' title='bbox 445 1123 549 1193; x_wconf 87' lang='lat' dir='ltr'>tecum,</span> <span class='ocrx_word' id='word_1_41' title='bbox 562 1114 645 1176; x_wconf 87' lang='lat' dir='ltr'>simul</span> <span class='ocrx_word' id='word_1_42' title='bbox 659 1121 687 1174; x_wconf 90' lang='lat' dir='ltr'>et</span> <span class='ocrx_word' id='word_1_43' title='bbox 700 1121 820 1174; x_wconf 87' lang='lat' dir='ltr'>sacratus</span> 
     </span>
    </p>

    <p class='ocr_par' dir='ltr' id='par_1_8' title="bbox 280 1192 895 1276">
     <span class='ocr_line' id='line_1_11' title="bbox 280 1192 895 1276; baseline -0.007 -18"><span class='ocrx_word' id='word_1_44' title='bbox 280 1196 396 1258; x_wconf 81' lang='lat' dir='ltr'>Praestet</span> <span class='ocrx_word' id='word_1_45' title='bbox 408 1197 563 1270; x_wconf 85' lang='lat' dir='ltr'>amborum,</span> <span class='ocrx_word' id='word_1_46' title='bbox 580 1192 625 1276; x_wconf 88' lang='lat' dir='ltr'>pie</span> <span class='ocrx_word' id='word_1_47' title='bbox 638 1193 754 1264; x_wconf 85' lang='lat' dir='ltr'>Christe,</span> <span class='ocrx_word' id='word_1_48' title='bbox 768 1192 863 1254; x_wconf 85' lang='lat' dir='ltr'>Fletus</span> <span class='ocrx_word' id='word_1_49' title='bbox 874 1197 895 1266; x_wconf 87' lang='lat'>¹,</span> 
     </span>
    </p>

    <p class='ocr_par' dir='ltr' id='par_1_9' title="bbox 281 1272 846 1438">
     <span class='ocr_line' id='line_1_12' title="bbox 281 1272 846 1358; baseline -0.012 -19"><span class='ocrx_word' id='word_1_50' title='bbox 281 1276 353 1339; x_wconf 86' lang='lat' dir='ltr'>Cum</span> <span class='ocrx_word' id='word_1_51' title='bbox 365 1276 466 1358; x_wconf 89' lang='lat' dir='ltr'>quihus</span> <span class='ocrx_word' id='word_1_52' title='bbox 479 1294 579 1357; x_wconf 82' lang='lat' dir='ltr'>regnas</span> <span class='ocrx_word' id='word_1_53' title='bbox 594 1274 668 1335; x_wconf 85' lang='lat' dir='ltr'>Deus</span> <span class='ocrx_word' id='word_1_54' title='bbox 682 1293 755 1334; x_wconf 91' lang='lat' dir='ltr'>unus</span> <span class='ocrx_word' id='word_1_55' title='bbox 769 1272 846 1334; x_wconf 92' lang='lat' dir='ltr'>omni</span> 
     </span>
     <span class='ocr_line' id='line_1_13' title="bbox 438 1355 626 1438; baseline -0.011 -21"><span class='ocrx_word' id='word_1_56' title='bbox 438 1355 546 1438; x_wconf 82' lang='lat' dir='ltr'>legiter</span> <span class='ocrx_word' id='word_1_57' title='bbox 558 1374 626 1416; x_wconf 82' lang='lat' dir='ltr'>aevo.</span> 
     </span>
    </p>
   </div>
   <div class='ocr_carea' id='block_1_6' title="bbox 423 1595 924 1648">
    <p class='ocr_par' dir='ltr' id='par_1_10' title="bbox 423 1595 924 1648">
     <span class='ocr_line' id='line_1_14' title="bbox 423 1595 924 1648; baseline -0.008 -2"><span class='ocrx_word' id='word_1_58' title='bbox 423 1599 462 1648; x_wconf 85' lang='lat'>11.</span> <span class='ocrx_word' id='word_1_59' title='bbox 479 1599 517 1645; x_wconf 85' lang='lat' dir='ltr'>ln</span> <span class='ocrx_word' id='word_1_60' title='bbox 532 1597 739 1648; x_wconf 76' lang='lat' dir='ltr'>dedleatlone</span> <span class='ocrx_word' id='word_1_61' title='bbox 757 1595 924 1644; x_wconf 72' lang='lat' dir='ltr'>Ecclesiae.</span> 
     </span>
    </p>
   </div>
   <div class='ocr_carea' id='block_1_7' title="bbox 180 1762 1030 2195">
    <p class='ocr_par' dir='ltr' id='par_1_11' title="bbox 180 1762 1029 1910">
     <span class='ocr_line' id='line_1_15' title="bbox 180 1762 1029 1835; baseline -0.008 -9"><span class='ocrx_word' id='word_1_62' title='bbox 180 1767 249 1826; x_wconf 89' lang='lat' dir='ltr'>Urbs</span> <span class='ocrx_word' id='word_1_63' title='bbox 259 1767 271 1804; x_wconf 76' lang='lat'><strong>²</strong></span> <span class='ocrx_word' id='word_1_64' title='bbox 283 1766 359 1824; x_wconf 91' lang='lat' dir='ltr'>beata</span> <span class='ocrx_word' id='word_1_65' title='bbox 372 1765 538 1822; x_wconf 87' lang='lat' dir='ltr'>Hierusalem</span> <span class='ocrx_word' id='word_1_66' title='bbox 551 1764 574 1835; x_wconf 83' lang='lat'>³,</span> <span class='ocrx_word' id='word_1_67' title='bbox 684 1765 758 1820; x_wconf 89' lang='lat' dir='ltr'>Nova</span> <span class='ocrx_word' id='word_1_68' title='bbox 768 1765 881 1820; x_wconf 79' lang='lat' dir='ltr'>veniens</span> <span class='ocrx_word' id='word_1_69' title='bbox 895 1762 907 1800; x_wconf 67' lang='grc' dir='ltr'>ὅ</span> <span class='ocrx_word' id='word_1_70' title='bbox 922 1780 937 1819; x_wconf 93' lang='lat' dir='ltr'>e</span> <span class='ocrx_word' id='word_1_71' title='bbox 950 1763 1029 1832; x_wconf 88' lang='lat' dir='ltr'>ooelo,</span> 
     </span>
     <span class='ocr_line' id='line_1_16' title="bbox 215 1834 966 1910; baseline -0.008 -14"><span class='ocrx_word' id='word_1_72' title='bbox 215 1839 293 1896; x_wconf 85' lang='lat' dir='ltr'>Dicta</span> <span class='ocrx_word' id='word_1_73' title='bbox 308 1837 381 1910; x_wconf 90' lang='lat' dir='ltr'>pacis</span> <span class='ocrx_word' id='word_1_74' title='bbox 391 1838 470 1908; x_wconf 84' lang='lat' dir='ltr'>visio,</span> <span class='ocrx_word' id='word_1_75' title='bbox 719 1834 835 1907; x_wconf 90' lang='lat' dir='ltr'>Nuptiali</span> <span class='ocrx_word' id='word_1_76' title='bbox 848 1834 966 1890; x_wconf 88' lang='lat' dir='ltr'>tlralamo</span> 
     </span>
    </p>

    <p class='ocr_par' dir='ltr' id='par_1_12' title="bbox 182 1907 1030 2052">
     <span class='ocr_line' id='line_1_17' title="bbox 182 1907 1030 1979; baseline -0.006 -12"><span class='ocrx_word' id='word_1_77' title='bbox 182 1911 246 1979; x_wconf 74' lang='lat' dir='ltr'>Quae</span> <span class='ocrx_word' id='word_1_78' title='bbox 262 1909 428 1966; x_wconf 85' lang='lat' dir='ltr'>construitur</span> <span class='ocrx_word' id='word_1_79' title='bbox 438 1909 467 1964; x_wconf 93' lang='lat' dir='ltr'>in</span> <span class='ocrx_word' id='word_1_80' title='bbox 482 1907 556 1965; x_wconf 78' lang='lat' dir='ltr'>celis</span> <span class='ocrx_word' id='word_1_81' title='bbox 686 1909 848 1978; x_wconf 73' lang='lat' dir='ltr'>praeparata,</span> <span class='ocrx_word' id='word_1_82' title='bbox 863 1911 893 1961; x_wconf 92' lang='lat' dir='ltr'>ut</span> <span class='ocrx_word' id='word_1_83' title='bbox 906 1912 1030 1976; x_wconf 77' lang='lat' dir='ltr'>sponsata</span> 
     </span>
     <span class='ocr_line' id='line_1_18' title="bbox 218 1976 1011 2052; baseline -0.005 -14"><span class='ocrx_word' id='word_1_84' title='bbox 218 1981 294 2038; x_wconf 84' lang='lat' dir='ltr'>Viris</span> <span class='ocrx_word' id='word_1_85' title='bbox 309 1979 514 2052; x_wconf 64' lang='lat' dir='ltr'>exlapidioust,</span> <span class='ocrx_word' id='word_1_86' title='bbox 720 1976 1011 2046; x_wconf 82' lang='lat' dir='ltr'>Copulelurllomino:</span> 
     </span>
    </p>

    <p class='ocr_par' dir='ltr' id='par_1_13' title="bbox 182 2047 1002 2195">
     <span class='ocr_line' id='line_1_19' title="bbox 182 2047 1000 2125; baseline -0.009 -15"><span class='ocrx_word' id='word_1_87' title='bbox 182 2053 215 2110; x_wconf 82' lang='lat' dir='ltr'>Et</span> <span class='ocrx_word' id='word_1_88' title='bbox 230 2052 331 2125; x_wconf 83' lang='lat' dir='ltr'>angelis</span> <span class='ocrx_word' id='word_1_89' title='bbox 345 2059 480 2119; x_wconf 75' lang='lat' dir='ltr'>coronata,</span> <span class='ocrx_word' id='word_1_90' title='bbox 685 2049 783 2104; x_wconf 85' lang='lat' dir='ltr'>Plateae</span> <span class='ocrx_word' id='word_1_91' title='bbox 795 2055 821 2103; x_wconf 89' lang='lat' dir='ltr'>et</span> <span class='ocrx_word' id='word_1_92' title='bbox 835 2047 906 2103; x_wconf 92' lang='lat' dir='ltr'>muri</span> <span class='ocrx_word' id='word_1_93' title='bbox 918 2047 930 2082; x_wconf 77' lang='lat'><strong>⁶</strong></span> <span class='ocrx_word' id='word_1_94' title='bbox 942 2048 1000 2120; x_wconf 82' lang='lat' dir='ltr'>ejus</span> 
     </span>
     <span class='ocr_line' id='line_1_20' title="bbox 218 2117 1002 2195; baseline -0.008 -15"><span class='ocrx_word' id='word_1_95' title='bbox 218 2124 252 2180; x_wconf 91' lang='lat' dir='ltr'>Ut</span> <span class='ocrx_word' id='word_1_96' title='bbox 262 2129 387 2195; x_wconf 86' lang='lat' dir='ltr'>sponsata</span> <span class='ocrx_word' id='word_1_97' title='bbox 402 2123 514 2192; x_wconf 83' lang='lat' dir='ltr'>comite3</span> <span class='ocrx_word' id='word_1_98' title='bbox 719 2120 758 2174; x_wconf 87' lang='lat' dir='ltr'>Ex</span> <span class='ocrx_word' id='word_1_99' title='bbox 770 2135 834 2175; x_wconf 90' lang='lat' dir='ltr'>auro</span> <span class='ocrx_word' id='word_1_100' title='bbox 848 2117 1002 2191; x_wconf 87' lang='lat' dir='ltr'>purissimo.</span> 
     </span>
    </p>
   </div>
   <div class='ocr_carea' id='block_1_8' title="bbox 179 2354 1140 3657">
    <p class='ocr_par' dir='ltr' id='par_1_14' title="bbox 179 2354 1140 3602">
     <span class='ocr_line' id='line_1_21' title="bbox 217 2354 1128 2419; baseline -0.001 -12"><span class='ocrx_word' id='word_1_101' title='bbox 217 2360 224 2388; x_wconf 80' lang='lat'><strong>¹</strong></span> <span class='ocrx_word' id='word_1_102' title='bbox 245 2377 258 2402; x_wconf 93' lang='lat'>«</span> <span class='ocrx_word' id='word_1_103' title='bbox 268 2358 384 2407; x_wconf 81' lang='lat' dir='ltr'>Socrates</span> <span class='ocrx_word' id='word_1_104' title='bbox 393 2356 527 2405; x_wconf 88' lang='lat' dir='ltr'>amborum</span> <span class='ocrx_word' id='word_1_105' title='bbox 536 2356 638 2406; x_wconf 73' lang='lat' dir='ltr'>flatus.»</span> <span class='ocrx_word' id='word_1_106' title='bbox 670 2356 736 2407; x_wconf 89' lang='lat' dir='ltr'>saint</span> <span class='ocrx_word' id='word_1_107' title='bbox 749 2356 845 2418; x_wconf 85' lang='lat' dir='ltr'>Pierre,</span> <span class='ocrx_word' id='word_1_108' title='bbox 858 2355 943 2419; x_wconf 86' lang='lat' dir='ltr'>Epitre</span> <span class='ocrx_word' id='word_1_109' title='bbox 953 2355 973 2417; x_wconf 94' lang='lat' dir='ltr'>l,</span> <span class='ocrx_word' id='word_1_110' title='bbox 986 2354 1027 2404; x_wconf 88' lang='lat' dir='ltr'>ch.</span> <span class='ocrx_word' id='word_1_111' title='bbox 1040 2367 1067 2410; x_wconf 86' lang='lat' dir='ltr'>u.</span> <span class='ocrx_word' id='word_1_112' title='bbox 1078 2358 1128 2406; x_wconf 74' lang='lat' dir='ltr'>ml</span> 
     </span>
     <span class='ocr_line' id='line_1_22' title="bbox 184 2421 1127 2541; baseline -0.003 -9"><span class='ocrx_word' id='word_1_113' title='bbox 184 2421 640 2538; x_wconf 49' lang='lat' dir='ltr'>vlyedlllltlleldo’nnllllrsl&#39;trochal-</span> <span class='ocrx_word' id='word_1_114' title='bbox 670 2423 740 2526; x_wconf 51' lang='lat' dir='ltr'>etd&#39;«</span> <span class='ocrx_word' id='word_1_115' title='bbox 754 2480 825 2530; x_wconf 88' lang='lat' dir='ltr'>Nova</span> <span class='ocrx_word' id='word_1_116' title='bbox 836 2479 950 2538; x_wconf 81' lang='lat' dir='ltr'>veniens,</span> <span class='ocrx_word' id='word_1_117' title='bbox 964 2486 1012 2528; x_wconf 87' lang='lat' dir='ltr'>etc.</span> <span class='ocrx_word' id='word_1_118' title='bbox 1027 2497 1039 2522; x_wconf 71' lang='lat' dir='ltr'>n</span> <span class='ocrx_word' id='word_1_119' title='bbox 1060 2480 1127 2541; x_wconf 80' lang='lat' dir='ltr'>Apo·</span> 
     </span>
     <span class='ocr_line' id='line_1_23' title="bbox 184 2541 1129 2607; baseline -0.003 -13"><span class='ocrx_word' id='word_1_120' title='bbox 184 2557 246 2605; x_wconf 83' lang='lat' dir='ltr'>oues</span> <span class='ocrx_word' id='word_1_121' title='bbox 272 2544 432 2594; x_wconf 81' lang='lat' dir='ltr'>tetrametres</span> <span class='ocrx_word' id='word_1_122' title='bbox 455 2541 640 2604; x_wconf 78' lang='lat' dir='ltr'>catalectiqnes.</span> <span class='ocrx_word' id='word_1_123' title='bbox 669 2543 777 2607; x_wconf 78' lang='lat' dir='ltr'>calypse,</span> <span class='ocrx_word' id='word_1_124' title='bbox 791 2542 832 2592; x_wconf 88' lang='lat' dir='ltr'>oh.</span> <span class='ocrx_word' id='word_1_125' title='bbox 848 2556 898 2605; x_wconf 88' lang='lat' dir='ltr'>rnu,</span> <span class='ocrx_word' id='word_1_126' title='bbox 915 2555 940 2589; x_wconf 87' lang='lat' dir='ltr'>v.</span> <span class='ocrx_word' id='word_1_127' title='bbox 956 2545 991 2590; x_wconf 77' lang='lat'>2:</span> <span class='ocrx_word' id='word_1_128' title='bbox 1010 2559 1021 2585; x_wconf 73' lang='lat' dir='ltr'>a</span> <span class='ocrx_word' id='word_1_129' title='bbox 1037 2541 1068 2590; x_wconf 81' lang='lat' dir='ltr'>Et</span> <span class='ocrx_word' id='word_1_130' title='bbox 1079 2553 1129 2604; x_wconf 82' lang='lat' dir='ltr'>ego</span> 
     </span>
     <span class='ocr_line' id='line_1_24' title="bbox 183 2602 1129 2670; baseline -0.002 -16"><span class='ocrx_word' id='word_1_131' title='bbox 183 2606 275 2670; x_wconf 75' lang='lat' dir='ltr'>vopei,</span> <span class='ocrx_word' id='word_1_132' title='bbox 285 2619 348 2670; x_wconf 80' lang='lat' dir='ltr'>page</span> <span class='ocrx_word' id='word_1_133' title='bbox 361 2607 400 2663; x_wconf 82' lang='grc'>86,</span> <span class='ocrx_word' id='word_1_134' title='bbox 414 2610 471 2654; x_wconf 89' lang='lat' dir='ltr'>note</span> <span class='ocrx_word' id='word_1_135' title='bbox 485 2612 505 2654; x_wconf 86' lang='lat' dir='ltr'>t.</span> <span class='ocrx_word' id='word_1_136' title='bbox 523 2605 555 2653; x_wconf 83' lang='lat' dir='ltr'>Le</span> <span class='ocrx_word' id='word_1_137' title='bbox 570 2607 641 2666; x_wconf 84' lang='lat' dir='ltr'>poete</span> <span class='ocrx_word' id='word_1_138' title='bbox 670 2604 779 2654; x_wconf 78' lang='lat' dir='ltr'>loannes</span> <span class='ocrx_word' id='word_1_139' title='bbox 797 2604 849 2654; x_wconf 88' lang='lat' dir='ltr'>vidi</span> <span class='ocrx_word' id='word_1_140' title='bbox 868 2611 980 2654; x_wconf 84' lang='lat' dir='ltr'>sanctam</span> <span class='ocrx_word' id='word_1_141' title='bbox 997 2602 1129 2652; x_wconf 83' lang='lat' dir='ltr'>civitatem</span> 
     </span>
     <span class='ocr_line' id='line_1_25' title="bbox 183 2664 1129 2732; baseline -0.004 -15"><span class='ocrx_word' id='word_1_142' title='bbox 183 2681 215 2718; x_wconf 92' lang='lat' dir='ltr'>ne</span> <span class='ocrx_word' id='word_1_143' title='bbox 228 2668 278 2718; x_wconf 88' lang='lat' dir='ltr'>suit</span> <span class='ocrx_word' id='word_1_144' title='bbox 289 2681 333 2732; x_wconf 90' lang='lat' dir='ltr'>pas</span> <span class='ocrx_word' id='word_1_145' title='bbox 342 2673 500 2718; x_wconf 81' lang='lat' dir='ltr'>exactement</span> <span class='ocrx_word' id='word_1_146' title='bbox 511 2665 547 2714; x_wconf 90' lang='lat' dir='ltr'>les</span> <span class='ocrx_word' id='word_1_147' title='bbox 560 2666 642 2729; x_wconf 79' lang='lat' dir='ltr'>regies</span> <span class='ocrx_word' id='word_1_148' title='bbox 668 2667 808 2716; x_wconf 86' lang='lat' dir='ltr'>Jerusalem</span> <span class='ocrx_word' id='word_1_149' title='bbox 822 2678 915 2716; x_wconf 86' lang='lat' dir='ltr'>noram</span> <span class='ocrx_word' id='word_1_150' title='bbox 933 2664 1129 2714; x_wconf 84' lang='lat' dir='ltr'>descendentem</span> 
     </span>
     <span class='ocr_line' id='line_1_26' title="bbox 183 2727 1130 2840; baseline -0.004 -60"><span class='ocrx_word' id='word_1_151' title='bbox 183 2730 227 2840; x_wconf 56' lang='lat' dir='ltr'>lm</span> <span class='ocrx_word' id='word_1_152' title='bbox 237 2732 361 2792; x_wconf 79' lang='lat' dir='ltr'>regissent</span> <span class='ocrx_word' id='word_1_153' title='bbox 371 2735 436 2779; x_wconf 85' lang='lat' dir='ltr'>cette</span> <span class='ocrx_word' id='word_1_154' title='bbox 447 2735 513 2778; x_wconf 88' lang='lat' dir='ltr'>sorte</span> <span class='ocrx_word' id='word_1_155' title='bbox 525 2727 556 2778; x_wconf 88' lang='lat' dir='ltr'>de</span> <span class='ocrx_word' id='word_1_156' title='bbox 567 2742 639 2792; x_wconf 87' lang='lat' dir='ltr'>vers;</span> <span class='ocrx_word' id='word_1_157' title='bbox 669 2729 699 2779; x_wconf 87' lang='lat' dir='ltr'>de</span> <span class='ocrx_word' id='word_1_158' title='bbox 720 2729 816 2778; x_wconf 87' lang='lat' dir='ltr'>cceloa</span> <span class='ocrx_word' id='word_1_159' title='bbox 840 2729 904 2790; x_wconf 77' lang='lat' dir='ltr'>Deo,</span> <span class='ocrx_word' id='word_1_160' title='bbox 927 2733 1042 2790; x_wconf 91' lang='lat' dir='ltr'>paratam</span> <span class='ocrx_word' id='word_1_161' title='bbox 1063 2727 1130 2776; x_wconf 88' lang='lat' dir='ltr'>siout</span> 
     </span>
     <span class='ocr_line' id='line_1_27' title="bbox 182 2789 1140 2854; baseline -0.003 -14"><span class='ocrx_word' id='word_1_162' title='bbox 182 2791 190 2840; x_wconf 92' lang='lat' dir='ltr'>i</span> <span class='ocrx_word' id='word_1_163' title='bbox 219 2793 345 2854; x_wconf 86' lang='lat' dir='ltr'>remplace</span> <span class='ocrx_word' id='word_1_164' title='bbox 368 2791 392 2840; x_wconf 87' lang='lat' dir='ltr'>le</span> <span class='ocrx_word' id='word_1_165' title='bbox 419 2791 520 2842; x_wconf 84' lang='lat' dir='ltr'>trochte</span> <span class='ocrx_word' id='word_1_166' title='bbox 548 2803 593 2853; x_wconf 88' lang='lat' dir='ltr'>par</span> <span class='ocrx_word' id='word_1_167' title='bbox 616 2791 639 2840; x_wconf 92' lang='lat' dir='ltr'>le</span> <span class='ocrx_word' id='word_1_168' title='bbox 668 2804 786 2853; x_wconf 89' lang='lat' dir='ltr'>sponsam</span> <span class='ocrx_word' id='word_1_169' title='bbox 797 2796 914 2839; x_wconf 88' lang='lat' dir='ltr'>ornatam</span> <span class='ocrx_word' id='word_1_170' title='bbox 925 2789 982 2838; x_wconf 92' lang='lat' dir='ltr'>viro</span> <span class='ocrx_word' id='word_1_171' title='bbox 993 2801 1072 2846; x_wconf 78' lang='lat' dir='ltr'>suo.»</span> <span class='ocrx_word' id='word_1_172' title='bbox 1138 2845 1140 2848; x_wconf 47' lang='grc'><strong>,</strong></span> 
     </span>
     <span class='ocr_line' id='line_1_28' title="bbox 181 2850 1127 2917; baseline -0.008 -14"><span class='ocrx_word' id='word_1_173' title='bbox 181 2852 639 2917; x_wconf 77' lang='lat' dir='ltr'>spondeeparlepyrrhiqueetmtme</span> <span class='ocrx_word' id='word_1_174' title='bbox 699 2853 711 2883; x_wconf 76' lang='lat'><strong>⁶</strong></span> <span class='ocrx_word' id='word_1_175' title='bbox 738 2872 750 2897; x_wconf 70' lang='lat' dir='ltr'>a</span> <span class='ocrx_word' id='word_1_176' title='bbox 772 2853 863 2902; x_wconf 84' lang='lat' dir='ltr'>Plateae</span> <span class='ocrx_word' id='word_1_177' title='bbox 882 2850 1014 2909; x_wconf 84' lang='lat' dir='ltr'>elmeri,</span> <span class='ocrx_word' id='word_1_178' title='bbox 1039 2857 1089 2900; x_wconf 90' lang='lat' dir='ltr'>etc.</span> <span class='ocrx_word' id='word_1_179' title='bbox 1115 2870 1127 2895; x_wconf 70' lang='grc' dir='ltr'>ι</span> 
     </span>
     <span class='ocr_line' id='line_1_29' title="bbox 181 2913 1128 2978; baseline -0.003 -14"><span class='ocrx_word' id='word_1_180' title='bbox 181 2928 227 2978; x_wconf 89' lang='lat' dir='ltr'>par</span> <span class='ocrx_word' id='word_1_181' title='bbox 237 2915 337 2964; x_wconf 85' lang='lat' dir='ltr'>l’lamhe</span> <span class='ocrx_word' id='word_1_182' title='bbox 344 2930 353 2976; x_wconf 91' lang='lat'>;</span> <span class='ocrx_word' id='word_1_183' title='bbox 365 2914 381 2963; x_wconf 89' lang='lat' dir='ltr'>il</span> <span class='ocrx_word' id='word_1_184' title='bbox 392 2927 423 2963; x_wconf 89' lang='lat' dir='ltr'>ne</span> <span class='ocrx_word' id='word_1_185' title='bbox 433 2915 479 2964; x_wconf 83' lang='lat' dir='ltr'>tait</span> <span class='ocrx_word' id='word_1_186' title='bbox 490 2917 561 2978; x_wconf 91' lang='lat' dir='ltr'>point</span> <span class='ocrx_word' id='word_1_187' title='bbox 569 2915 639 2964; x_wconf 79' lang='lat' dir='ltr'>d&#39;eli-</span> <span class='ocrx_word' id='word_1_188' title='bbox 666 2916 686 2964; x_wconf 79' lang='grc' dir='ltr'><strong>Α</strong></span> <span class='ocrx_word' id='word_1_189' title='bbox 706 2915 840 2978; x_wconf 75' lang='lat' dir='ltr'>ocalppse,</span> <span class='ocrx_word' id='word_1_190' title='bbox 865 2913 907 2963; x_wconf 83' lang='lat' dir='ltr'>cli.</span> <span class='ocrx_word' id='word_1_191' title='bbox 938 2926 1000 2970; x_wconf 82' lang='lat' dir='ltr'>xxi,</span> <span class='ocrx_word' id='word_1_192' title='bbox 1020 2924 1044 2959; x_wconf 83' lang='lat' dir='ltr'>v.</span> <span class='ocrx_word' id='word_1_193' title='bbox 1068 2914 1096 2961; x_wconf 81' lang='lat'>21</span> <span class='ocrx_word' id='word_1_194' title='bbox 1121 2929 1128 2961; x_wconf 92' lang='lat'><strong>:</strong></span> 
     </span>
     <span class='ocr_line' id='line_1_30' title="bbox 181 2929 1129 3048; baseline -0.004 -23"><span class='ocrx_word' id='word_1_195' title='bbox 181 2977 257 3034; x_wconf 87' lang='lat' dir='ltr'>siens,</span> <span class='ocrx_word' id='word_1_196' title='bbox 271 2983 430 3048; x_wconf 28' lang='lat' dir='ltr'>etvconserve</span> <span class='ocrx_word' id='word_1_197' title='bbox 444 2983 603 3028; x_wconf 79' lang='lat' dir='ltr'>exactoment</span> <span class='ocrx_word' id='word_1_198' title='bbox 614 2977 639 3026; x_wconf 88' lang='lat' dir='ltr'>la</span> <span class='ocrx_word' id='word_1_199' title='bbox 667 2929 722 3027; x_wconf 61' lang='lat' dir='ltr'>alt</span> <span class='ocrx_word' id='word_1_200' title='bbox 738 2977 871 3027; x_wconf 90' lang='lat' dir='ltr'>duodecim</span> <span class='ocrx_word' id='word_1_201' title='bbox 887 2981 975 3038; x_wconf 84' lang='lat' dir='ltr'>portae,</span> <span class='ocrx_word' id='word_1_202' title='bbox 993 2973 1129 3023; x_wconf 88' lang='lat' dir='ltr'>duodecim</span> 
     </span>
     <span class='ocr_line' id='line_1_31' title="bbox 180 3035 1128 3110; baseline -0.005 -22"><span class='ocrx_word' id='word_1_203' title='bbox 180 3038 341 3088; x_wconf 73' lang='lat' dir='ltr'>numeratron</span> <span class='ocrx_word' id='word_1_204' title='bbox 350 3038 393 3087; x_wconf 90' lang='lat' dir='ltr'>des</span> <span class='ocrx_word' id='word_1_205' title='bbox 405 3037 520 3100; x_wconf 86' lang='lat' dir='ltr'>syllabas.</span> <span class='ocrx_word' id='word_1_206' title='bbox 531 3041 570 3088; x_wconf 87' lang='lat' dir='ltr'>En</span> <span class='ocrx_word' id='word_1_207' title='bbox 579 3053 638 3088; x_wconf 89' lang='lat' dir='ltr'>eon·</span> <span class='ocrx_word' id='word_1_208' title='bbox 666 3040 811 3110; x_wconf 80' lang='lat' dir='ltr'>margaritae</span> <span class='ocrx_word' id='word_1_209' title='bbox 836 3046 896 3088; x_wconf 87' lang='lat' dir='ltr'>sunt</span> <span class='ocrx_word' id='word_1_210' title='bbox 919 3049 965 3100; x_wconf 89' lang='lat' dir='ltr'>per</span> <span class='ocrx_word' id='word_1_211' title='bbox 987 3035 1128 3099; x_wconf 84' lang='lat' dir='ltr'>singulas:</span> 
     </span>
     <span class='ocr_line' id='line_1_32' title="bbox 181 3097 1129 3164; baseline -0.004 -14"><span class='ocrx_word' id='word_1_212' title='bbox 181 3101 315 3163; x_wconf 75' lang='lat' dir='ltr'>sequence,</span> <span class='ocrx_word' id='word_1_213' title='bbox 334 3113 374 3149; x_wconf 90' lang='lat' dir='ltr'>ces</span> <span class='ocrx_word' id='word_1_214' title='bbox 395 3113 452 3149; x_wconf 89' lang='lat' dir='ltr'>vers</span> <span class='ocrx_word' id='word_1_215' title='bbox 471 3100 638 3150; x_wconf 83' lang='lat' dir='ltr'>ressemhlent</span> <span class='ocrx_word' id='word_1_216' title='bbox 665 3108 691 3150; x_wconf 89' lang='lat' dir='ltr'>et</span> <span class='ocrx_word' id='word_1_217' title='bbox 712 3101 818 3164; x_wconf 80' lang='lat' dir='ltr'>singulae</span> <span class='ocrx_word' id='word_1_218' title='bbox 837 3106 916 3162; x_wconf 83' lang='lat' dir='ltr'>portae</span> <span class='ocrx_word' id='word_1_219' title='bbox 932 3105 1006 3148; x_wconf 83' lang='lat' dir='ltr'>erant</span> <span class='ocrx_word' id='word_1_220' title='bbox 1024 3111 1055 3147; x_wconf 87' lang='lat' dir='ltr'>ex</span> <span class='ocrx_word' id='word_1_221' title='bbox 1076 3097 1129 3148; x_wconf 88' lang='lat' dir='ltr'>sin-</span> 
     </span>
     <span class='ocr_line' id='line_1_33' title="bbox 181 3160 1129 3239; baseline -0.003 -28"><span class='ocrx_word' id='word_1_222' title='bbox 181 3176 231 3211; x_wconf 85' lang='lat' dir='ltr'>aox</span> <span class='ocrx_word' id='word_1_223' title='bbox 249 3175 305 3239; x_wconf 81' lang='lat' dir='ltr'>vers</span> <span class='ocrx_word' id='word_1_224' title='bbox 324 3161 466 3224; x_wconf 84' lang='lat' dir='ltr'>poliliques.</span> <span class='ocrx_word' id='word_1_225' title='bbox 479 3161 572 3226; x_wconf 76' lang='lat' dir='ltr'>Voyez,</span> <span class='ocrx_word' id='word_1_226' title='bbox 589 3177 636 3226; x_wconf 86' lang='lat' dir='ltr'>pa·</span> <span class='ocrx_word' id='word_1_227' title='bbox 665 3164 734 3234; x_wconf 79' lang='lat' dir='ltr'>getis</span> <span class='ocrx_word' id='word_1_228' title='bbox 750 3161 915 3224; x_wconf 83' lang='lat' dir='ltr'>margaritis:</span> <span class='ocrx_word' id='word_1_229' title='bbox 937 3168 963 3210; x_wconf 91' lang='lat' dir='ltr'>et</span> <span class='ocrx_word' id='word_1_230' title='bbox 985 3160 1069 3222; x_wconf 85' lang='lat' dir='ltr'>platea</span> <span class='ocrx_word' id='word_1_231' title='bbox 1089 3160 1129 3208; x_wconf 87' lang='lat' dir='ltr'>oi-</span> 
     </span>
     <span class='ocr_line' id='line_1_34' title="bbox 182 3223 1130 3357; baseline -0.002 -23"><span class='ocrx_word' id='word_1_232' title='bbox 182 3228 439 3357; x_wconf 60' lang='lat' dir='ltr'>getlsslliddddalem.n</span> <span class='ocrx_word' id='word_1_233' title='bbox 449 3286 480 3356; x_wconf 75' lang='lat' dir='ltr'>La</span> <span class='ocrx_word' id='word_1_234' title='bbox 495 3285 636 3334; x_wconf 79' lang='lat' dir='ltr'>Jerusalem</span> <span class='ocrx_word' id='word_1_235' title='bbox 665 3223 1130 3348; x_wconf 50' lang='lat' dir='ltr'>lllldlrlraddrldliddlddl[deladlllpllaeldl</span> 
     </span>
     <span class='ocr_line' id='line_1_35' title="bbox 180 3344 1130 3410; baseline -0.001 -15"><span class='ocrx_word' id='word_1_236' title='bbox 180 3347 280 3398; x_wconf 79' lang='lat' dir='ltr'>celeste.</span> <span class='ocrx_word' id='word_1_237' title='bbox 296 3351 328 3398; x_wconf 90' lang='lat' dir='ltr'>Le</span> <span class='ocrx_word' id='word_1_238' title='bbox 346 3354 417 3410; x_wconf 88' lang='lat' dir='ltr'>poete</span> <span class='ocrx_word' id='word_1_239' title='bbox 434 3347 524 3396; x_wconf 80' lang='lat' dir='ltr'>faisant</span> <span class='ocrx_word' id='word_1_240' title='bbox 542 3348 566 3394; x_wconf 91' lang='lat' dir='ltr'>la</span> <span class='ocrx_word' id='word_1_241' title='bbox 582 3348 636 3396; x_wconf 89' lang='lat' dir='ltr'>des·</span> <span class='ocrx_word' id='word_1_242' title='bbox 665 3348 782 3398; x_wconf 81' lang='lat' dir='ltr'>sionsont</span> <span class='ocrx_word' id='word_1_243' title='bbox 792 3346 1067 3408; x_wconf 81' lang='lat' dir='ltr'>nnsenssvmbolique:</span> <span class='ocrx_word' id='word_1_244' title='bbox 1081 3344 1130 3395; x_wconf 88' lang='lat' dir='ltr'>l&#39;or</span> 
     </span>
     <span class='ocr_line' id='line_1_36' title="bbox 181 3397 1132 3472; baseline 0.004 -18"><span class='ocrx_word' id='word_1_245' title='bbox 181 3409 288 3472; x_wconf 89' lang='lat' dir='ltr'>cription</span> <span class='ocrx_word' id='word_1_246' title='bbox 306 3411 337 3458; x_wconf 87' lang='lat' dir='ltr'>de</span> <span class='ocrx_word' id='word_1_247' title='bbox 358 3416 422 3458; x_wconf 84' lang='lat' dir='ltr'>celle</span> <span class='ocrx_word' id='word_1_248' title='bbox 443 3409 491 3458; x_wconf 79' lang='lat' dir='ltr'>cite</span> <span class='ocrx_word' id='word_1_249' title='bbox 511 3407 635 3457; x_wconf 84' lang='lat' dir='ltr'>bienheu-</span> <span class='ocrx_word' id='word_1_250' title='bbox 664 3397 1132 3472; x_wconf 76' lang='lat' dir='ltr'>representelaoharitodeshabitaris</span> 
     </span>
     <span class='ocr_line' id='line_1_37' title="bbox 181 3470 1131 3532; baseline 0.004 -16"><span class='ocrx_word' id='word_1_251' title='bbox 181 3481 262 3529; x_wconf 86' lang='lat' dir='ltr'>reuse,</span> <span class='ocrx_word' id='word_1_252' title='bbox 287 3473 337 3522; x_wconf 87' lang='lat' dir='ltr'>suit</span> <span class='ocrx_word' id='word_1_253' title='bbox 357 3471 392 3520; x_wconf 87' lang='lat' dir='ltr'>les</span> <span class='ocrx_word' id='word_1_254' title='bbox 413 3477 494 3520; x_wconf 80' lang='lat' dir='ltr'>traces</span> <span class='ocrx_word' id='word_1_255' title='bbox 518 3471 549 3520; x_wconf 91' lang='lat' dir='ltr'>de</span> <span class='ocrx_word' id='word_1_256' title='bbox 570 3470 636 3519; x_wconf 84' lang='lat' dir='ltr'>saint</span> <span class='ocrx_word' id='word_1_257' title='bbox 667 3471 917 3532; x_wconf 74' lang='lat' dir='ltr'>ducie13lecristal,</span> <span class='ocrx_word' id='word_1_258' title='bbox 933 3471 1131 3532; x_wconf 80' lang='lat' dir='ltr'>leurpurareet</span> 
     </span>
     <span class='ocr_line' id='line_1_38' title="bbox 179 3527 1132 3602; baseline 0.006 -26"><span class='ocrx_word' id='word_1_259' title='bbox 179 3527 249 3578; x_wconf 81' lang='lat' dir='ltr'>teau.</span> <span class='ocrx_word' id='word_1_260' title='bbox 302 3592 306 3602; x_wconf 34' lang='grc'>1</span> <span class='ocrx_word' id='word_1_261' title='bbox 328 3592 333 3602; x_wconf 32' lang='lat'><strong><em>¹</em></strong></span> <span class='ocrx_word' id='word_1_262' title='bbox 661 3532 718 3582; x_wconf 89' lang='lat' dir='ltr'>leur</span> <span class='ocrx_word' id='word_1_263' title='bbox 728 3532 901 3595; x_wconf 74' lang='lat' dir='ltr'>coastate31es</span> <span class='ocrx_word' id='word_1_264' title='bbox 911 3531 1132 3596; x_wconf 76' lang='lat' dir='ltr'>pierresprecieu·</span> 
     </span>
    </p>

    <p class='ocr_par' dir='ltr' id='par_1_15' title="bbox 213 3589 1023 3657">
     <span class='ocr_line' id='line_1_39' title="bbox 213 3589 1023 3657; baseline 0.004 -18"><span class='ocrx_word' id='word_1_265' title='bbox 213 3589 254 3634; x_wconf 59' lang='lat' dir='ltr'>t«</span> <span class='ocrx_word' id='word_1_266' title='bbox 276 3591 347 3641; x_wconf 82' lang='lat' dir='ltr'>Vivis</span> <span class='ocrx_word' id='word_1_267' title='bbox 365 3593 497 3657; x_wconf 85' lang='lat' dir='ltr'>lapidibus.</span> <span class='ocrx_word' id='word_1_268' title='bbox 520 3612 531 3637; x_wconf 85' lang='lat'><strong>»</strong></span> <span class='ocrx_word' id='word_1_269' title='bbox 552 3592 636 3655; x_wconf 75' lang='lat' dir='ltr'>Voyez</span> <span class='ocrx_word' id='word_1_270' title='bbox 663 3607 710 3657; x_wconf 85' lang='lat' dir='ltr'>ses,</span> <span class='ocrx_word' id='word_1_271' title='bbox 722 3593 1023 3645; x_wconf 80' lang='lat' dir='ltr'>l&#39;eclatdoleersvertue.</span> 
     </span>
    </p>
   </div>
   <div class='ocr_carea' id='block_1_9' title="bbox 0 0 1288 4028">
    <p class='ocr_par' dir='ltr' id='par_1_16' title="bbox 0 0 1288 4028">
     <span class='ocr_line' id='line_1_40' title="bbox 0 0 1288 4028; baseline 0 0"><span class='ocrx_word' id='word_1_272' title='bbox 0 0 1288 4028; x_wconf 95' lang='lat' dir='ltr'> </span> 
     </span>
    </p>
   </div>
  </div>
 </body>
</html>
