<?xml version="1.0" encoding="UTF-8"?>
<!DOCTYPE html PUBLIC "-//W3C//DTD XHTML 1.0 Transitional//EN"
    "http://www.w3.org/TR/xhtml1/DTD/xhtml1-transitional.dtd">
<html xmlns="http://www.w3.org/1999/xhtml" xml:lang="en" lang="en">
 <head>
  <title>
</title>
<meta http-equiv="Content-Type" content="text/html;charset=utf-8" />
  <meta name='ocr-system' content='tesseract 3.04.00' />
  <meta name='ocr-capabilities' content='ocr_page ocr_carea ocr_par ocr_line ocrx_word'/>
</head>
<body>
  <div class='ocr_page' id='page_1' title='image "./carminaepoetisc00clgoog/carminaepoetisc00clgoog_0286.png"; bbox 0 0 2562 4028; ppageno 0'>
   <div class='ocr_carea' id='block_1_1' title="bbox 359 39 1106 158">
    <p class='ocr_par' dir='ltr' id='par_1_1' title="bbox 359 39 1106 158">
     <span class='ocr_line' id='line_1_1' title="bbox 359 39 1106 158; baseline -0.019 -26"><span class='ocrx_word' id='word_1_1' title='bbox 359 45 839 158; x_wconf 71' lang='lat' dir='ltr'><strong>sucurreosreenneounuu</strong></span> <span class='ocrx_word' id='word_1_2' title='bbox 1027 39 1106 131; x_wconf 45' lang='lat' dir='ltr'><strong>&#39;naor</strong></span> 
     </span>
    </p>
   </div>
   <div class='ocr_carea' id='block_1_2' title="bbox 165 175 1076 1374">
    <p class='ocr_par' dir='ltr' id='par_1_2' title="bbox 165 175 1076 1374">
     <span class='ocr_line' id='line_1_2' title="bbox 223 175 1011 258; baseline -0.003 -14"><span class='ocrx_word' id='word_1_3' title='bbox 223 177 373 244; x_wconf 84' lang='lat' dir='ltr'><strong>Defectus¹</strong></span> <span class='ocrx_word' id='word_1_4' title='bbox 389 177 458 248; x_wconf 75' lang='lat' dir='ltr'><strong>solie</strong></span> <span class='ocrx_word' id='word_1_5' title='bbox 471 175 845 258; x_wconf 64' lang='lat' dir='ltr'><strong>variouluueqmuhun,</strong></span> <span class='ocrx_word' id='word_1_6' title='bbox 944 235 948 246; x_wconf 79' lang='grc'><strong>,</strong></span> <span class='ocrx_word' id='word_1_7' title='bbox 1006 231 1011 236; x_wconf 16' lang='lat' dir='ltr'><strong>.i</strong></span> 
     </span>
     <span class='ocr_line' id='line_1_3' title="bbox 223 253 1076 344; baseline -0.008 -22"><span class='ocrx_word' id='word_1_8' title='bbox 223 260 313 332; x_wconf 77' lang='lat' dir='ltr'><strong>Quem</strong></span> <span class='ocrx_word' id='word_1_9' title='bbox 323 257 447 344; x_wconf 81' lang='lat' dir='ltr'><strong>speciose</strong></span> <span class='ocrx_word' id='word_1_10' title='bbox 460 257 512 320; x_wconf 88' lang='lat' dir='ltr'><strong>sibi</strong></span> <span class='ocrx_word' id='word_1_11' title='bbox 525 263 585 330; x_wconf 82' lang='lat' dir='ltr'><strong>est3</strong></span> <span class='ocrx_word' id='word_1_12' title='bbox 599 264 628 320; x_wconf 87' lang='lat' dir='ltr'><strong>et</strong></span> <span class='ocrx_word' id='word_1_13' title='bbox 659 257 725 318; x_wconf 79' lang='lat' dir='ltr'><strong>ulm</strong></span> <span class='ocrx_word' id='word_1_14' title='bbox 737 256 859 322; x_wconf 76' lang='lat' dir='ltr'>vanescit</span> <span class='ocrx_word' id='word_1_15' title='bbox 870 255 900 320; x_wconf 90' lang='lat' dir='ltr'><strong>in</strong></span> <span class='ocrx_word' id='word_1_16' title='bbox 910 253 997 342; x_wconf 85' lang='lat' dir='ltr'><strong>ipsis!</strong></span> <span class='ocrx_word' id='word_1_17' title='bbox 1071 279 1076 286; x_wconf 95' lang='lat'>·</span> 
     </span>
     <span class='ocr_line' id='line_1_4' title="bbox 222 277 925 414; baseline 0.007 -14"><span class='ocrx_word' id='word_1_18' title='bbox 222 340 291 411; x_wconf 80' lang='lat' dir='ltr'><strong>Quae</strong></span> <span class='ocrx_word' id='word_1_19' title='bbox 305 338 370 403; x_wconf 77' lang='lat' dir='ltr'><strong>lieet</strong></span> <span class='ocrx_word' id='word_1_20' title='bbox 383 358 417 399; x_wconf 83' lang='lat' dir='ltr'><strong>ex</strong></span> <span class='ocrx_word' id='word_1_21' title='bbox 446 336 517 400; x_wconf 91' lang='lat' dir='ltr'><strong>rimo</strong></span> <span class='ocrx_word' id='word_1_22' title='bbox 531 341 633 402; x_wconf 86' lang='lat' dir='ltr'><strong>neturee</strong></span> <span class='ocrx_word' id='word_1_23' title='bbox 641 277 799 402; x_wconf 73' lang='lat' dir='ltr'><strong>laberentur</strong></span> <span class='ocrx_word' id='word_1_24' title='bbox 809 333 925 414; x_wconf 77' lang='lat' dir='ltr'><strong>honere,</strong></span> 
     </span>
     <span class='ocr_line' id='line_1_5' title="bbox 222 357 1070 500; baseline -0.001 -23.051"><span class='ocrx_word' id='word_1_25' title='bbox 178 419 283 481; x_wconf 89' lang='lat' dir='ltr'><strong>Nou</strong></span> <span class='ocrx_word' id='word_1_26' title='bbox 298 357 542 490; x_wconf 66' lang='lat' dir='ltr'><strong>tamenalveram,</strong></span> <span class='ocrx_word' id='word_1_27' title='bbox 555 424 671 500; x_wconf 85' lang='lat' dir='ltr'><strong>possunt</strong></span> <span class='ocrx_word' id='word_1_28' title='bbox 718 415 938 486; x_wconf 77' lang='lat' dir='ltr'><strong>educereciteur.</strong></span> <span class='ocrx_word' id='word_1_29' title='bbox 1018 432 1070 478; x_wconf 82' lang='grc'>220</span> 
     </span>
     <span class='ocr_line' id='line_1_6' title="bbox 224 494 912 579; baseline -0.006 -19"><span class='ocrx_word' id='word_1_30' title='bbox 224 497 350 579; x_wconf 86' lang='lat' dir='ltr'><strong>Denique</strong></span> <span class='ocrx_word' id='word_1_31' title='bbox 363 497 398 558; x_wconf 84' lang='lat' dir='ltr'><strong>ab</strong></span> <span class='ocrx_word' id='word_1_32' title='bbox 408 496 452 556; x_wconf 94' lang='lat' dir='ltr'><strong>his</strong></span> <span class='ocrx_word' id='word_1_33' title='bbox 462 515 584 577; x_wconf 83' lang='lat' dir='ltr'><strong>praeceps</strong></span> <span class='ocrx_word' id='word_1_34' title='bbox 595 494 625 555; x_wconf 91' lang='lat' dir='ltr'><strong>in</strong></span> <span class='ocrx_word' id='word_1_35' title='bbox 639 515 688 558; x_wconf 87' lang='lat' dir='ltr'><strong>mu</strong></span> <span class='ocrx_word' id='word_1_36' title='bbox 700 504 741 556; x_wconf 85' lang='lat' dir='ltr'><strong>tes</strong></span> <span class='ocrx_word' id='word_1_37' title='bbox 753 497 912 579; x_wconf 78' lang='lat' dir='ltr'><strong>relligiones</strong></span> 
     </span>
     <span class='ocr_line' id='line_1_7' title="bbox 223 573 792 650; baseline -0.007 -10"><span class='ocrx_word' id='word_1_38' title='bbox 223 578 343 650; x_wconf 81' lang='lat' dir='ltr'><strong>Decidit,</strong></span> <span class='ocrx_word' id='word_1_39' title='bbox 357 585 386 638; x_wconf 91' lang='lat' dir='ltr'><strong>et</strong></span> <span class='ocrx_word' id='word_1_40' title='bbox 394 576 472 637; x_wconf 84' lang='lat' dir='ltr'><strong>fectis</strong></span> <span class='ocrx_word' id='word_1_41' title='bbox 483 573 562 636; x_wconf 84' lang='lat' dir='ltr'><strong>haesit</strong></span> <span class='ocrx_word' id='word_1_42' title='bbox 574 573 675 636; x_wconf 82' lang='lat' dir='ltr'><strong>factore</strong></span> <span class='ocrx_word' id='word_1_43' title='bbox 687 575 792 636; x_wconf 89' lang='lat' dir='ltr'><strong>relicto.</strong></span> 
     </span>
     <span class='ocr_line' id='line_1_8' title="bbox 223 653 915 736; baseline -0.007 -15"><span class='ocrx_word' id='word_1_44' title='bbox 223 655 294 722; x_wconf 77' lang='lat' dir='ltr'><strong>llere</strong></span> <span class='ocrx_word' id='word_1_45' title='bbox 308 656 332 718; x_wconf 82' lang='lat' dir='ltr'><strong>ei</strong></span> <span class='ocrx_word' id='word_1_46' title='bbox 345 655 513 718; x_wconf 79' lang='lat' dir='ltr'><strong>nuncetiam</strong></span> <span class='ocrx_word' id='word_1_47' title='bbox 523 653 617 716; x_wconf 79' lang='lat' dir='ltr'><strong>illesis</strong></span> <span class='ocrx_word' id='word_1_48' title='bbox 629 654 709 736; x_wconf 83' lang='lat' dir='ltr'><strong>vigor</strong></span> <span class='ocrx_word' id='word_1_49' title='bbox 720 654 767 716; x_wconf 92' lang='lat' dir='ltr'><strong>ille</strong></span> <span class='ocrx_word' id='word_1_50' title='bbox 780 662 915 729; x_wconf 80' lang='lat' dir='ltr'><strong>maneret,</strong></span> 
     </span>
     <span class='ocr_line' id='line_1_9' title="bbox 165 733 980 818; baseline -0.002 -20"><span class='ocrx_word' id='word_1_51' title='bbox 165 736 175 764; x_wconf 75' lang='lat'><strong>·&#39;</strong></span> <span class='ocrx_word' id='word_1_52' title='bbox 224 736 255 798; x_wconf 89' lang='lat' dir='ltr'><strong>ln</strong></span> <span class='ocrx_word' id='word_1_53' title='bbox 268 755 325 818; x_wconf 89' lang='lat' dir='ltr'><strong>quo</strong></span> <span class='ocrx_word' id='word_1_54' title='bbox 339 734 434 796; x_wconf 86' lang='lat' dir='ltr'><strong>insons</strong></span> <span class='ocrx_word' id='word_1_55' title='bbox 446 742 543 795; x_wconf 80' lang='lat' dir='ltr'><strong>nutura</strong></span> <span class='ocrx_word' id='word_1_56' title='bbox 553 733 622 806; x_wconf 87' lang='lat' dir='ltr'><strong>luit;</strong></span> <span class='ocrx_word' id='word_1_57' title='bbox 637 753 687 794; x_wconf 87' lang='lat' dir='ltr'><strong>sua</strong></span> <span class='ocrx_word' id='word_1_58' title='bbox 700 753 840 816; x_wconf 89' lang='lat' dir='ltr'><strong>quemque</strong></span> <span class='ocrx_word' id='word_1_59' title='bbox 854 733 980 814; x_wconf 78' lang='lat' dir='ltr'><strong>voluntas</strong></span> 
     </span>
     <span class='ocr_line' id='line_1_10' title="bbox 223 811 1070 896; baseline -0.006 -17"><span class='ocrx_word' id='word_1_60' title='bbox 223 813 377 879; x_wconf 85' lang='lat' dir='ltr'><strong>Conciliere</strong></span> <span class='ocrx_word' id='word_1_61' title='bbox 388 813 457 888; x_wconf 78' lang='lat' dir='ltr'><strong>Dec,</strong></span> <span class='ocrx_word' id='word_1_62' title='bbox 471 817 609 894; x_wconf 71' lang='lat' dir='ltr'><strong>poenique</strong></span> <span class='ocrx_word' id='word_1_63' title='bbox 623 811 763 875; x_wconf 85' lang='lat' dir='ltr'><strong>absolvere</strong></span> <span class='ocrx_word' id='word_1_64' title='bbox 776 820 868 896; x_wconf 89' lang='lat' dir='ltr'><strong>posset</strong></span> <span class='ocrx_word' id='word_1_65' title='bbox 882 836 888 871; x_wconf 84' lang='lat' dir='ltr'>z</span> <span class='ocrx_word' id='word_1_66' title='bbox 1021 827 1070 874; x_wconf 79' lang='grc'>230</span> 
     </span>
     <span class='ocr_line' id='line_1_11' title="bbox 167 893 946 977; baseline -0.003 -21"><span class='ocrx_word' id='word_1_67' title='bbox 167 897 190 933; x_wconf 70' lang='lat'><strong>5&#39;</strong></span> <span class='ocrx_word' id='word_1_68' title='bbox 224 895 415 977; x_wconf 87' lang='lat' dir='ltr'><strong>Nequicquam</strong></span> <span class='ocrx_word' id='word_1_69' title='bbox 426 893 551 954; x_wconf 83' lang='lat' dir='ltr'><strong>Christus</strong></span> <span class='ocrx_word' id='word_1_70' title='bbox 562 902 679 953; x_wconf 91' lang='lat' dir='ltr'><strong>mortem</strong></span> <span class='ocrx_word' id='word_1_71' title='bbox 691 893 834 954; x_wconf 88' lang='lat' dir='ltr'><strong>moriendo</strong></span> <span class='ocrx_word' id='word_1_72' title='bbox 849 894 946 976; x_wconf 81' lang='lat' dir='ltr'><strong>piaret,</strong></span> 
     </span>
     <span class='ocr_line' id='line_1_12' title="bbox 225 972 922 1060; baseline -0.004 -24"><span class='ocrx_word' id='word_1_73' title='bbox 225 978 374 1038; x_wconf 88' lang='lat' dir='ltr'><strong>Peceetum</strong></span> <span class='ocrx_word' id='word_1_74' title='bbox 390 972 525 1034; x_wconf 84' lang='lat' dir='ltr'><strong>elmundi</strong></span> <span class='ocrx_word' id='word_1_75' title='bbox 539 972 922 1060; x_wconf 85' lang='lat' dir='ltr'><strong>senguisncntolleretegni,</strong></span> 
     </span>
     <span class='ocr_line' id='line_1_13' title="bbox 225 1051 909 1134; baseline -0.003 -20"><span class='ocrx_word' id='word_1_76' title='bbox 225 1053 283 1116; x_wconf 91' lang='lat' dir='ltr'><strong>Nec</strong></span> <span class='ocrx_word' id='word_1_77' title='bbox 314 1073 384 1115; x_wconf 87' lang='lat' dir='ltr'><strong>enus</strong></span> <span class='ocrx_word' id='word_1_78' title='bbox 394 1051 548 1112; x_wconf 76' lang='lat' dir='ltr'><strong>humanum</strong></span> <span class='ocrx_word' id='word_1_79' title='bbox 566 1051 691 1132; x_wconf 84' lang='lat' dir='ltr'><strong>generari</strong></span> <span class='ocrx_word' id='word_1_80' title='bbox 705 1071 800 1113; x_wconf 79' lang='lat' dir='ltr'><strong>rursus</strong></span> <span class='ocrx_word' id='word_1_81' title='bbox 814 1059 909 1134; x_wconf 80' lang='lat' dir='ltr'><strong>egeret</strong></span> 
     </span>
     <span class='ocr_line' id='line_1_14' title="bbox 176 1074 877 1214; baseline -0.006 -18"><span class='ocrx_word' id='word_1_82' title='bbox 176 1138 179 1142; x_wconf 85' lang='grc'><strong>’</strong></span> <span class='ocrx_word' id='word_1_83' title='bbox 206 1137 216 1172; x_wconf 89' lang='grc'><strong>’-</strong></span> <span class='ocrx_word' id='word_1_84' title='bbox 231 1074 394 1196; x_wconf 70' lang='grc'>0001111000</span> <span class='ocrx_word' id='word_1_85' title='bbox 405 1136 494 1193; x_wconf 78' lang='lat' dir='ltr'><strong>nove:</strong></span> <span class='ocrx_word' id='word_1_86' title='bbox 510 1131 642 1214; x_wconf 83' lang='lat' dir='ltr'><strong>quonium</strong></span> <span class='ocrx_word' id='word_1_87' title='bbox 657 1130 877 1212; x_wconf 61' lang='lat' dir='ltr'><strong>sapientiarum,</strong></span> 
     </span>
     <span class='ocr_line' id='line_1_15' title="bbox 226 1209 1076 1290; baseline -0.004 -16"><span class='ocrx_word' id='word_1_88' title='bbox 226 1211 390 1286; x_wconf 79' lang='lat' dir='ltr'><strong>Sanefldee,</strong></span> <span class='ocrx_word' id='word_1_89' title='bbox 404 1231 501 1272; x_wconf 81' lang='lat' dir='ltr'><strong>senum</strong></span> <span class='ocrx_word' id='word_1_90' title='bbox 516 1209 671 1281; x_wconf 81' lang='lat' dir='ltr'><strong>arbitrium,</strong></span> <span class='ocrx_word' id='word_1_91' title='bbox 685 1229 764 1272; x_wconf 89' lang='lat' dir='ltr'><strong>mens</strong></span> <span class='ocrx_word' id='word_1_92' title='bbox 778 1209 862 1271; x_wconf 83' lang='lat' dir='ltr'><strong>libere</strong></span> <span class='ocrx_word' id='word_1_93' title='bbox 877 1209 974 1272; x_wconf 88' lang='lat' dir='ltr'><strong>morbo</strong></span> <span class='ocrx_word' id='word_1_94' title='bbox 976 1256 991 1290; x_wconf 61' lang='lat' dir='ltr'><strong>a„</strong></span> <span class='ocrx_word' id='word_1_95' title='bbox 1026 1225 1076 1271; x_wconf 81' lang='grc'><strong>200</strong></span> 
     </span>
     <span class='ocr_line' id='line_1_16' title="bbox 226 1289 946 1374; baseline -0.006 -20"><span class='ocrx_word' id='word_1_96' title='bbox 226 1292 315 1354; x_wconf 83' lang='lat' dir='ltr'><strong>Vitem</strong></span> <span class='ocrx_word' id='word_1_97' title='bbox 329 1298 443 1374; x_wconf 80' lang='lat' dir='ltr'><strong>egerent</strong></span> <span class='ocrx_word' id='word_1_98' title='bbox 456 1289 570 1372; x_wconf 76' lang='lat' dir='ltr'><strong>(lignem</strong></span> <span class='ocrx_word' id='word_1_99' title='bbox 583 1309 756 1352; x_wconf 91' lang='lat' dir='ltr'><strong>summorum</strong></span> <span class='ocrx_word' id='word_1_100' title='bbox 769 1289 946 1373; x_wconf 69' lang='lat' dir='ltr'><strong>participatu.</strong></span> 
     </span>
    </p>
   </div>
   <div class='ocr_carea' id='block_1_3' title="bbox 166 1531 1079 1913">
    <p class='ocr_par' dir='ltr' id='par_1_3' title="bbox 166 1531 1079 1913">
     <span class='ocr_line' id='line_1_17' title="bbox 269 1531 949 1628; baseline 0 -32"><span class='ocrx_word' id='word_1_101' title='bbox 269 1531 325 1596; x_wconf 90' lang='lat' dir='ltr'><strong>Sed</strong></span> <span class='ocrx_word' id='word_1_102' title='bbox 339 1539 471 1618; x_wconf 82' lang='lat' dir='ltr'><strong>prostrate</strong></span> <span class='ocrx_word' id='word_1_103' title='bbox 483 1531 580 1628; x_wconf 43' lang='lat' dir='ltr'><strong>semel?</strong></span> <span class='ocrx_word' id='word_1_104' title='bbox 592 1540 694 1616; x_wconf 79' lang='lat' dir='ltr'><strong>quanto</strong></span> <span class='ocrx_word' id='word_1_105' title='bbox 704 1542 800 1596; x_wconf 86' lang='lat' dir='ltr'><strong>nature</strong></span> <span class='ocrx_word' id='word_1_106' title='bbox 814 1531 949 1618; x_wconf 86' lang='lat' dir='ltr'><strong>profundo</strong></span> 
     </span>
     <span class='ocr_line' id='line_1_18' title="bbox 166 1613 944 1696; baseline -0.003 -21"><span class='ocrx_word' id='word_1_107' title='bbox 166 1656 169 1667; x_wconf 75' lang='lat'><em>.</em></span> <span class='ocrx_word' id='word_1_108' title='bbox 193 1641 196 1649; x_wconf 22' lang='grc' dir='ltr'>Α</span> <span class='ocrx_word' id='word_1_109' title='bbox 232 1617 375 1692; x_wconf 86' lang='lat' dir='ltr'><strong>lmmerse,</strong></span> <span class='ocrx_word' id='word_1_110' title='bbox 388 1621 417 1674; x_wconf 90' lang='lat' dir='ltr'><strong>et</strong></span> <span class='ocrx_word' id='word_1_111' title='bbox 430 1623 541 1694; x_wconf 79' lang='lat' dir='ltr'><strong>quante</strong></span> <span class='ocrx_word' id='word_1_112' title='bbox 556 1622 592 1675; x_wconf 76' lang='lat' dir='ltr'><strong>sit</strong></span> <span class='ocrx_word' id='word_1_113' title='bbox 603 1613 676 1675; x_wconf 90' lang='lat' dir='ltr'><strong>mole</strong></span> <span class='ocrx_word' id='word_1_114' title='bbox 691 1633 821 1696; x_wconf 86' lang='lat' dir='ltr'><strong>oppresse</strong></span> <span class='ocrx_word' id='word_1_115' title='bbox 836 1613 944 1675; x_wconf 76' lang='lat' dir='ltr'><strong>ruinae!</strong></span> 
     </span>
     <span class='ocr_line' id='line_1_19' title="bbox 228 1692 990 1776; baseline 0 -24"><span class='ocrx_word' id='word_1_116' title='bbox 228 1692 352 1755; x_wconf 86' lang='lat' dir='ltr'><strong>Verbum</strong></span> <span class='ocrx_word' id='word_1_117' title='bbox 365 1693 450 1758; x_wconf 87' lang='lat' dir='ltr'><strong>houm</strong></span> <span class='ocrx_word' id='word_1_118' title='bbox 464 1694 506 1772; x_wconf 89' lang='lat' dir='ltr'><strong>lit,</strong></span> <span class='ocrx_word' id='word_1_119' title='bbox 518 1713 668 1776; x_wconf 86' lang='lat' dir='ltr'><strong>rerumque</strong></span> <span class='ocrx_word' id='word_1_120' title='bbox 679 1705 752 1755; x_wconf 83' lang='lat' dir='ltr'><strong>sutor</strong></span> <span class='ocrx_word' id='word_1_121' title='bbox 765 1693 816 1760; x_wconf 83' lang='lat' dir='ltr'><strong>suh</strong></span> <span class='ocrx_word' id='word_1_122' title='bbox 830 1693 990 1756; x_wconf 87' lang='lat' dir='ltr'><strong>conditione</strong></span> 
     </span>
     <span class='ocr_line' id='line_1_20' title="bbox 229 1771 1079 1913; baseline -0.002 -79"><span class='ocrx_word' id='word_1_123' title='bbox 229 1773 344 1834; x_wconf 75' lang='lat' dir='ltr'><strong>Servilio</strong></span> <span class='ocrx_word' id='word_1_124' title='bbox 358 1773 455 1833; x_wconf 83' lang='lat' dir='ltr'><strong>lormee</strong></span> <span class='ocrx_word' id='word_1_125' title='bbox 466 1773 593 1854; x_wconf 84' lang='lat' dir='ltr'><strong>dignatur</strong></span> <span class='ocrx_word' id='word_1_126' title='bbox 604 1773 710 1913; x_wconf 73' lang='lat' dir='ltr'><strong>uirgine</strong></span> <span class='ocrx_word' id='word_1_127' title='bbox 722 1773 809 1853; x_wconf 81' lang='lat' dir='ltr'><strong>nesci,</strong></span> <span class='ocrx_word' id='word_1_128' title='bbox 944 1771 946 1780; x_wconf 80' lang='grc'>’</span> <span class='ocrx_word' id='word_1_129' title='bbox 1026 1785 1079 1833; x_wconf 81' lang='lat' dir='ltr'><strong>noc</strong></span> 
     </span>
    </p>
   </div>
   <div class='ocr_carea' id='block_1_4' title="bbox 171 1852 1078 2478">
    <p class='ocr_par' dir='ltr' id='par_1_4' title="bbox 230 1852 933 2014">
     <span class='ocr_line' id='line_1_21' title="bbox 230 1852 933 1934; baseline -0.003 -21"><span class='ocrx_word' id='word_1_130' title='bbox 230 1852 318 1934; x_wconf 89' lang='lat' dir='ltr'><strong>lnque</strong></span> <span class='ocrx_word' id='word_1_131' title='bbox 328 1852 501 1914; x_wconf 83' lang='lat' dir='ltr'><strong>intirmorum</strong></span> <span class='ocrx_word' id='word_1_132' title='bbox 514 1859 628 1914; x_wconf 86' lang='lat' dir='ltr'><strong>cunctos</strong></span> <span class='ocrx_word' id='word_1_133' title='bbox 659 1853 808 1917; x_wconf 80' lang='lat' dir='ltr'><strong>escendere</strong></span> <span class='ocrx_word' id='word_1_134' title='bbox 822 1871 933 1918; x_wconf 79' lang='lat' dir='ltr'><strong>sensus.</strong></span> 
     </span>
     <span class='ocr_line' id='line_1_22' title="bbox 230 1931 798 2014; baseline 0 -22"><span class='ocrx_word' id='word_1_135' title='bbox 230 1931 350 1996; x_wconf 74' lang='lat' dir='ltr'><strong>Verentur</strong></span> <span class='ocrx_word' id='word_1_136' title='bbox 362 1933 461 2006; x_wconf 75' lang='lat' dir='ltr'><strong>virtue,</strong></span> <span class='ocrx_word' id='word_1_137' title='bbox 476 1933 610 2014; x_wconf 84' lang='lat' dir='ltr'><strong>sapientie</strong></span> <span class='ocrx_word' id='word_1_138' title='bbox 623 1931 798 1994; x_wconf 84' lang='lat' dir='ltr'><strong>ludificetur:</strong></span> 
     </span>
    </p>

    <p class='ocr_par' dir='ltr' id='par_1_5' title="bbox 172 2011 1078 2415">
     <span class='ocr_line' id='line_1_23' title="bbox 230 2011 1002 2094; baseline 0.001 -25.93"><span class='ocrx_word' id='word_1_139' title='bbox 230 2011 338 2073; x_wconf 86' lang='lat' dir='ltr'><strong>lustitia</strong></span> <span class='ocrx_word' id='word_1_140' title='bbox 350 2012 467 2094; x_wconf 84' lang='lat' dir='ltr'><strong>injustos</strong></span> <span class='ocrx_word' id='word_1_141' title='bbox 480 2015 578 2073; x_wconf 89' lang='lat' dir='ltr'><strong>toleret</strong></span> <span class='ocrx_word' id='word_1_142' title='bbox 591 2034 599 2084; x_wconf 89' lang='lat'>;</span> <span class='ocrx_word' id='word_1_143' title='bbox 614 2012 760 2072; x_wconf 86' lang='lat' dir='ltr'><strong>clementia</strong></span> <span class='ocrx_word' id='word_1_144' title='bbox 773 2031 879 2073; x_wconf 87' lang='lat' dir='ltr'><strong>saevos:</strong></span> <span class='ocrx_word' id='word_1_145' title='bbox 999 2089 1002 2094; x_wconf 28' lang='grc' dir='ltr'>Ι</span> 
     </span>
     <span class='ocr_line' id='line_1_24' title="bbox 232 2091 967 2174; baseline -0.004 -20"><span class='ocrx_word' id='word_1_146' title='bbox 232 2091 324 2154; x_wconf 76' lang='lat' dir='ltr'><strong>Gloria</strong></span> <span class='ocrx_word' id='word_1_147' title='bbox 336 2099 527 2174; x_wconf 79' lang='lat' dir='ltr'><strong>contemptum</strong></span> <span class='ocrx_word' id='word_1_148' title='bbox 540 2092 625 2166; x_wconf 76' lang='lat' dir='ltr'><strong>subit,</strong></span> <span class='ocrx_word' id='word_1_149' title='bbox 639 2098 667 2152; x_wconf 87' lang='lat' dir='ltr'><strong>et</strong></span> <span class='ocrx_word' id='word_1_150' title='bbox 675 2098 813 2152; x_wconf 84' lang='lat' dir='ltr'><strong>tormenta</strong></span> <span class='ocrx_word' id='word_1_151' title='bbox 828 2097 948 2174; x_wconf 83' lang='lat' dir='ltr'><strong>potestas</strong></span> <span class='ocrx_word' id='word_1_152' title='bbox 961 2115 967 2151; x_wconf 95' lang='lat'><strong>:</strong></span> 
     </span>
     <span class='ocr_line' id='line_1_25' title="bbox 231 2169 1078 2258; baseline 0.005 -28"><span class='ocrx_word' id='word_1_153' title='bbox 231 2170 317 2252; x_wconf 83' lang='lat' dir='ltr'><strong>Inque</strong></span> <span class='ocrx_word' id='word_1_154' title='bbox 329 2171 417 2234; x_wconf 82' lang='lat' dir='ltr'><strong>crucis</strong></span> <span class='ocrx_word' id='word_1_155' title='bbox 430 2189 541 2258; x_wconf 81' lang='lat' dir='ltr'><strong>poenum</strong></span> <span class='ocrx_word' id='word_1_156' title='bbox 554 2171 624 2236; x_wconf 91' lang='lat' dir='ltr'><strong>nulli</strong></span> <span class='ocrx_word' id='word_1_157' title='bbox 636 2169 769 2233; x_wconf 77' lang='lat' dir='ltr'><strong>violabilis</strong></span> <span class='ocrx_word' id='word_1_158' title='bbox 782 2189 901 2258; x_wconf 85' lang='lat' dir='ltr'><strong>usquam</strong></span> <span class='ocrx_word' id='word_1_159' title='bbox 1028 2183 1078 2240; x_wconf 80' lang='lat' dir='ltr'><strong>rot</strong></span> 
     </span>
     <span class='ocr_line' id='line_1_26' title="bbox 231 2249 988 2333; baseline 0.005 -25"><span class='ocrx_word' id='word_1_160' title='bbox 231 2249 293 2310; x_wconf 83' lang='lat' dir='ltr'><strong>Vita</strong></span> <span class='ocrx_word' id='word_1_161' title='bbox 306 2251 415 2333; x_wconf 87' lang='lat' dir='ltr'><strong>agitur:</strong></span> <span class='ocrx_word' id='word_1_162' title='bbox 433 2251 511 2332; x_wconf 84' lang='lat' dir='ltr'><strong>cujus</strong></span> <span class='ocrx_word' id='word_1_163' title='bbox 523 2251 673 2333; x_wconf 88' lang='lat' dir='ltr'><strong>perimetur</strong></span> <span class='ocrx_word' id='word_1_164' title='bbox 686 2258 774 2312; x_wconf 90' lang='lat' dir='ltr'><strong>morte</strong></span> <span class='ocrx_word' id='word_1_165' title='bbox 788 2258 944 2332; x_wconf 88' lang='lat' dir='ltr'><strong>peremptor</strong></span> <span class='ocrx_word' id='word_1_166' title='bbox 956 2255 968 2291; x_wconf 81' lang='lat'>&#39;</span> <span class='ocrx_word' id='word_1_167' title='bbox 982 2275 988 2312; x_wconf 94' lang='lat'>:</span> 
     </span>
     <span class='ocr_line' id='line_1_27' title="bbox 232 2327 965 2415; baseline 0.004 -26"><span class='ocrx_word' id='word_1_168' title='bbox 232 2327 310 2390; x_wconf 83' lang='lat' dir='ltr'><strong>lusto</strong></span> <span class='ocrx_word' id='word_1_169' title='bbox 320 2338 352 2392; x_wconf 89' lang='lat' dir='ltr'><strong>ut</strong></span> <span class='ocrx_word' id='word_1_170' title='bbox 361 2331 413 2412; x_wconf 85' lang='lat' dir='ltr'><strong>p&#39;rc</strong></span> <span class='ocrx_word' id='word_1_171' title='bbox 424 2330 536 2412; x_wconf 85' lang='lat' dir='ltr'><strong>injustis</strong></span> <span class='ocrx_word' id='word_1_172' title='bbox 548 2329 612 2392; x_wconf 85' lang='grc'>1000</span> <span class='ocrx_word' id='word_1_173' title='bbox 623 2330 770 2415; x_wconf 80' lang='lat' dir='ltr'><strong>sunguine,</strong></span> <span class='ocrx_word' id='word_1_174' title='bbox 784 2331 821 2392; x_wconf 84' lang='lat' dir='ltr'><strong>sit</strong></span> <span class='ocrx_word' id='word_1_175' title='bbox 834 2350 908 2392; x_wconf 79' lang='lat' dir='ltr'><strong>mors</strong></span> <span class='ocrx_word' id='word_1_176' title='bbox 934 2407 937 2412; x_wconf 27' lang='grc' dir='ltr'>Ι</span> <span class='ocrx_word' id='word_1_177' title='bbox 963 2409 965 2414; x_wconf 68' lang='lat'>,</span> 
     </span>
    </p>

    <p class='ocr_par' dir='ltr' id='par_1_6' title="bbox 171 2407 814 2478">
     <span class='ocr_line' id='line_1_28' title="bbox 171 2407 814 2478; baseline 0.008 -8"><span class='ocrx_word' id='word_1_178' title='bbox 171 2437 177 2456; x_wconf 90' lang='lat'><strong>··</strong></span> <span class='ocrx_word' id='word_1_179' title='bbox 231 2407 318 2471; x_wconf 86' lang='lat' dir='ltr'><strong>Unius</strong></span> <span class='ocrx_word' id='word_1_180' title='bbox 332 2409 449 2478; x_wconf 80' lang='lat' dir='ltr'><strong>insontis</strong></span> <span class='ocrx_word' id='word_1_181' title='bbox 462 2410 613 2476; x_wconf 84' lang='lat' dir='ltr'><strong>multorum</strong></span> <span class='ocrx_word' id='word_1_182' title='bbox 625 2410 680 2476; x_wconf 80' lang='lat' dir='ltr'><strong>vire</strong></span> <span class='ocrx_word' id='word_1_183' title='bbox 693 2429 814 2478; x_wconf 82' lang='lat' dir='ltr'><strong>reorum.</strong></span> 
     </span>
    </p>
   </div>
   <div class='ocr_carea' id='block_1_5' title="bbox 120 2644 1082 3144">
    <p class='ocr_par' dir='ltr' id='par_1_7' title="bbox 120 2644 1082 3144">
     <span class='ocr_line' id='line_1_29' title="bbox 273 2644 940 2743; baseline 0.007 -26"><span class='ocrx_word' id='word_1_184' title='bbox 273 2644 330 2719; x_wconf 86' lang='grc'>1100</span> <span class='ocrx_word' id='word_1_185' title='bbox 345 2646 428 2740; x_wconf 85' lang='lat' dir='ltr'><strong>igitur</strong></span> <span class='ocrx_word' id='word_1_186' title='bbox 441 2650 528 2741; x_wconf 84' lang='lat' dir='ltr'><strong>pretio</strong></span> <span class='ocrx_word' id='word_1_187' title='bbox 541 2651 640 2743; x_wconf 79' lang='lat' dir='ltr'><strong>captivi</strong></span> <span class='ocrx_word' id='word_1_188' title='bbox 654 2648 940 2742; x_wconf 70' lang='grc' dir='ltr'><strong>010000000110002101,Ι</strong></span> 
     </span>
     <span class='ocr_line' id='line_1_30' title="bbox 231 2736 1082 2822; baseline 0.019 -26"><span class='ocrx_word' id='word_1_189' title='bbox 231 2736 254 2796; x_wconf 86' lang='grc' dir='ltr'>Α</span> <span class='ocrx_word' id='word_1_190' title='bbox 275 2746 390 2799; x_wconf 88' lang='lat' dir='ltr'><strong>noscent</strong></span> <span class='ocrx_word' id='word_1_191' title='bbox 401 2741 474 2820; x_wconf 82' lang='lat' dir='ltr'><strong>quali</strong></span> <span class='ocrx_word' id='word_1_192' title='bbox 488 2742 610 2806; x_wconf 77' lang='lat' dir='ltr'><strong>conclusi</strong></span> <span class='ocrx_word' id='word_1_193' title='bbox 624 2761 744 2817; x_wconf 77' lang='lat' dir='ltr'><strong>carcere,</strong></span> <span class='ocrx_word' id='word_1_194' title='bbox 756 2759 846 2822; x_wconf 78' lang='lat' dir='ltr'><strong>quove</strong></span> <span class='ocrx_word' id='word_1_195' title='bbox 1021 2746 1082 2808; x_wconf 63' lang='lat'><strong>”2⁵6</strong></span> 
     </span>
     <span class='ocr_line' id='line_1_31' title="bbox 169 2758 959 2909; baseline 0.009 -32"><span class='ocrx_word' id='word_1_196' title='bbox 169 2875 175 2886; x_wconf 82' lang='grc'>,</span> <span class='ocrx_word' id='word_1_197' title='bbox 232 2758 342 2878; x_wconf 66' lang='grc'>0100001</span> <span class='ocrx_word' id='word_1_198' title='bbox 356 2817 458 2909; x_wconf 77' lang='lat' dir='ltr'><strong>¹fuerint</strong></span> <span class='ocrx_word' id='word_1_199' title='bbox 472 2821 588 2882; x_wconf 81' lang='lat' dir='ltr'><strong>inorbo:</strong></span> <span class='ocrx_word' id='word_1_200' title='bbox 605 2821 706 2909; x_wconf 83' lang='lat' dir='ltr'><strong>quihus</strong></span> <span class='ocrx_word' id='word_1_201' title='bbox 720 2819 868 2904; x_wconf 75' lang='lat' dir='ltr'><strong>eripiendis</strong></span> <span class='ocrx_word' id='word_1_202' title='bbox 957 2877 959 2884; x_wconf 30' lang='lat' dir='ltr'><em>s</em></span> 
     </span>
     <span class='ocr_line' id='line_1_32' title="bbox 120 2893 1014 2982; baseline 0.001 -21"><span class='ocrx_word' id='word_1_203' title='bbox 120 2939 125 2948; x_wconf 88' lang='lat'>·</span> <span class='ocrx_word' id='word_1_204' title='bbox 233 2893 363 2957; x_wconf 82' lang='lat' dir='ltr'><strong>Suoourn</strong></span> <span class='ocrx_word' id='word_1_205' title='bbox 379 2898 453 2964; x_wconf 84' lang='lat' dir='ltr'><strong>houd</strong></span> <span class='ocrx_word' id='word_1_206' title='bbox 464 2900 540 2964; x_wconf 80' lang='lat' dir='ltr'><strong>clicer</strong></span> <span class='ocrx_word' id='word_1_207' title='bbox 554 2903 654 2982; x_wconf 85' lang='lat' dir='ltr'><strong>potuit,</strong></span> <span class='ocrx_word' id='word_1_208' title='bbox 665 2903 749 2981; x_wconf 76' lang='lat' dir='ltr'><strong>quem</strong></span> <span class='ocrx_word' id='word_1_209' title='bbox 763 2907 852 2962; x_wconf 83' lang='lat' dir='ltr'><strong>morte</strong></span> <span class='ocrx_word' id='word_1_210' title='bbox 865 2900 1014 2964; x_wconf 79' lang='lat' dir='ltr'><strong>medentis.</strong></span> 
     </span>
     <span class='ocr_line' id='line_1_33' title="bbox 231 2974 945 3062; baseline 0.011 -26"><span class='ocrx_word' id='word_1_211' title='bbox 231 2974 267 3036; x_wconf 84' lang='lat' dir='ltr'><strong>Et</strong></span> <span class='ocrx_word' id='word_1_212' title='bbox 277 2976 340 3056; x_wconf 84' lang='lat' dir='ltr'><strong>quie</strong></span> <span class='ocrx_word' id='word_1_213' title='bbox 356 2976 390 3038; x_wconf 91' lang='lat' dir='ltr'><strong>de</strong></span> <span class='ocrx_word' id='word_1_214' title='bbox 405 2981 512 3060; x_wconf 86' lang='lat' dir='ltr'><strong>megnis</strong></span> <span class='ocrx_word' id='word_1_215' title='bbox 526 2981 623 3062; x_wconf 86' lang='lat' dir='ltr'><strong>opibus</strong></span> <span class='ocrx_word' id='word_1_216' title='bbox 636 2977 771 3046; x_wconf 83' lang='lat' dir='ltr'><strong>nonnulle</strong></span> <span class='ocrx_word' id='word_1_217' title='bbox 785 2989 945 3062; x_wconf 79' lang='lat' dir='ltr'><strong>supersunt,</strong></span> 
     </span>
     <span class='ocr_line' id='line_1_34' title="bbox 233 3053 949 3144; baseline 0.013 -31"><span class='ocrx_word' id='word_1_218' title='bbox 233 3053 302 3122; x_wconf 81' lang='lat' dir='ltr'><strong>Quae</strong></span> <span class='ocrx_word' id='word_1_219' title='bbox 317 3057 448 3118; x_wconf 89' lang='lat' dir='ltr'><strong>decorent</strong></span> <span class='ocrx_word' id='word_1_220' title='bbox 459 3057 560 3137; x_wconf 81' lang='lat' dir='ltr'><strong>nudos,</strong></span> <span class='ocrx_word' id='word_1_221' title='bbox 575 3066 603 3120; x_wconf 88' lang='lat' dir='ltr'><strong>et</strong></span> <span class='ocrx_word' id='word_1_222' title='bbox 614 3079 676 3142; x_wconf 83' lang='lat' dir='ltr'><strong>queo</strong></span> <span class='ocrx_word' id='word_1_223' title='bbox 689 3059 814 3124; x_wconf 88' lang='lat' dir='ltr'><strong>solentur</strong></span> <span class='ocrx_word' id='word_1_224' title='bbox 827 3080 949 3144; x_wconf 80' lang='lat' dir='ltr'><strong>egenos:</strong></span> 
     </span>
    </p>
   </div>
   <div class='ocr_carea' id='block_1_6' title="bbox 136 3337 1085 3534">
    <p class='ocr_par' dir='ltr' id='par_1_8' title="bbox 136 3337 1085 3534">
     <span class='ocr_line' id='line_1_35' title="bbox 172 3337 1085 3407; baseline 0.002 -19"><span class='ocrx_word' id='word_1_225' title='bbox 172 3339 178 3368; x_wconf 85' lang='lat'>¹</span> <span class='ocrx_word' id='word_1_226' title='bbox 198 3337 350 3399; x_wconf 81' lang='lat' dir='ltr'><strong>«Defectus,</strong></span> <span class='ocrx_word' id='word_1_227' title='bbox 373 3347 447 3390; x_wconf 73' lang='lat' dir='ltr'><strong>ece.»</strong></span> <span class='ocrx_word' id='word_1_228' title='bbox 471 3343 503 3396; x_wconf 87' lang='lat' dir='ltr'><strong>Le</strong></span> <span class='ocrx_word' id='word_1_229' title='bbox 525 3343 598 3404; x_wconf 79' lang='lat' dir='ltr'><strong>poene</strong></span> <span class='ocrx_word' id='word_1_230' title='bbox 632 3343 839 3407; x_wconf 74' lang='lat' dir='ltr'><strong>preoccupemus</strong></span> <span class='ocrx_word' id='word_1_231' title='bbox 851 3345 904 3398; x_wconf 82' lang='lat' dir='ltr'><strong>&#39;dee</strong></span> <span class='ocrx_word' id='word_1_232' title='bbox 924 3343 1026 3397; x_wconf 75' lang='lat' dir='ltr'><strong>enciens</strong></span> <span class='ocrx_word' id='word_1_233' title='bbox 1047 3348 1085 3392; x_wconf 82' lang='lat' dir='ltr'><strong>se-</strong></span> 
     </span>
     <span class='ocr_line' id='line_1_36' title="bbox 136 3403 1044 3515; baseline 0.008 -66"><span class='ocrx_word' id='word_1_234' title='bbox 136 3403 410 3474; x_wconf 70' lang='lat' dir='ltr'><strong>emprunteceveree</strong></span> <span class='ocrx_word' id='word_1_235' title='bbox 424 3403 599 3515; x_wconf 77' lang='lat' dir='ltr'><strong>Virgilepcur</strong></span> <span class='ocrx_word' id='word_1_236' title='bbox 642 3419 696 3469; x_wconf 83' lang='lat' dir='ltr'><strong>ges.</strong></span> <span class='ocrx_word' id='word_1_237' title='bbox 1042 3474 1044 3476; x_wconf 15' lang='grc' dir='ltr'>Ι</span> 
     </span>
     <span class='ocr_line' id='line_1_37' title="bbox 137 3463 1064 3534; baseline 0.003 -24"><span class='ocrx_word' id='word_1_238' title='bbox 137 3475 229 3512; x_wconf 84' lang='lat' dir='ltr'><strong>mreux</strong></span> <span class='ocrx_word' id='word_1_239' title='bbox 240 3463 304 3513; x_wconf 83' lang='lat' dir='ltr'><strong>farre</strong></span> <span class='ocrx_word' id='word_1_240' title='bbox 322 3469 402 3514; x_wconf 84' lang='lat' dir='ltr'><strong>sentrr</strong></span> <span class='ocrx_word' id='word_1_241' title='bbox 417 3464 442 3514; x_wconf 83' lang='lat' dir='ltr'><strong>le</strong></span> <span class='ocrx_word' id='word_1_242' title='bbox 458 3471 529 3516; x_wconf 77' lang='lat' dir='ltr'><strong>vanu</strong></span> <span class='ocrx_word' id='word_1_243' title='bbox 556 3466 600 3516; x_wconf 83' lang='lat' dir='ltr'><strong>des</strong></span> <span class='ocrx_word' id='word_1_244' title='bbox 673 3468 684 3498; x_wconf 74' lang='lat'>²</span> <span class='ocrx_word' id='word_1_245' title='bbox 710 3468 896 3534; x_wconf 70' lang='lat' dir='ltr'><strong>«peremptor,</strong></span> <span class='ocrx_word' id='word_1_246' title='bbox 907 3484 918 3509; x_wconf 71' lang='grc' dir='ltr'><strong>ι</strong></span> <span class='ocrx_word' id='word_1_247' title='bbox 928 3463 1064 3516; x_wconf 74' lang='grc'>10002000.</span> 
     </span>
    </p>
   </div>
   <div class='ocr_carea' id='block_1_7' title="bbox 0 0 1300 4028">
    <p class='ocr_par' dir='ltr' id='par_1_9' title="bbox 0 0 1300 4028">
     <span class='ocr_line' id='line_1_38' title="bbox 0 0 1300 4028; baseline 0 0"><span class='ocrx_word' id='word_1_248' title='bbox 0 0 1300 4028; x_wconf 95' lang='lat' dir='ltr'><strong> </strong></span> 
     </span>
    </p>
   </div>
  </div>
 </body>
</html>
