2562 4028
554 140 909 218 sruoruearounrunns.

410 328 444 375 v.
461 325 660 388 inscription
675 323 987 436 pfflnllqlpufflquo
1002 321 1044 374 olo
1059 323 1150 374 nint

348 544 458 608 Martini
473 563 583 628 corpus,
596 545 660 606 totis
671 543 827 607 venerabile
838 543 930 622 terris,

388 629 420 688 ln
433 645 489 709 quo
500 630 563 718 post
573 625 636 686 vitas
649 632 771 705 tempora
783 625 851 686 visit
859 623 960 703 honor,

349 705 467 768 'leserat
478 705 525 766 luo
539 705 659 786 primum
675 703 783 786 plebeio
798 703 925 766 maehina
937 703 1024 780 oultu,

388 791 458 860 Quae
469 783 619 846 confessori
632 803 690 846 non
703 791 763 846 erat
771 804 851 866 aequa
864 803 935 856 suo;

261 867 264 874 ’
348 866 406 927 Neo
419 864 567 927 desistebat
579 865 652 925 uires
662 883 777 925 onerare
788 865 893 947 pudore

387 944 478 1008 Gloria
493 963 594 1025 magna
607 944 671 1022 riri,
684 945 769 1025 gratia
783 955 864 1025 parva
875 943 938 1006 looit

348 1024 467 1086 Antistes
480 1023 528 1085 sed
539 1024 587 1106 qui
600 1029 762 1085 numeratur
776 1031 869 1085 sextus
883 1021 996 1106 abipso,

387 1103 512 1186 Longam
527 1106 681 1186 Perpetuus
696 1103 808 1165 sustulit
821 1102 964 1180 invidiam,

349 1182 492 1244 Internum
506 1201 652 1244 removens
665 1181 768 1244 modici
781 1183 922 1264 penetrale
932 1182 1037 1259 sacelli,

300 1275 303 1282 ’
387 1261 645 1346 rlurplaqueteota2
658 1262 752 1324 levans
766 1262 901 1324 exteriore
915 1262 1019 1333 domo;
1155 1279 1205 1324 too
1258 1305 1259 1328 t

347 1343 553 1424 Creveruntque
566 1342 661 1418 simul,
676 1341 768 1404 valido
777 1341 916 1403 tribuente
930 1349 1055 1424 patrono,
1258 1335 1259 1356 ¹

387 1423 441 1483 lns
460 1423 521 1483 aliis
535 1421 619 1495 aedes,
633 1421 759 1483 eonditor
770 1421 799 1484 in
809 1423 913 1482 meritis
918 1439 929 1502 3

346 1506 417 1576 Quae
431 1441 625 1562 &alomoniaoo
640 1501 711 1582 potis
725 1508 767 1562 est
778 1500 928 1582 oonlligere
943 1498 1058 1582 templo,

388 1581 511 1664 Septima
522 1600 584 1672 quae
597 1579 702 1642 mundo
716 1580 817 1642 lahriea
832 1583 901 1641 mira
914 1579 976 1642 fuit.

348 1660 418 1722 Naro
432 1679 563 1742 genimis,
580 1679 657 1733 auro,
674 1667 798 1742 argento,
815 1661 866 1721 sis
886 1659 992 1722 lenduit
1003 1657 1083 1733 illud,
1151 1677 1199 1723 tos
1259 1679 1260 1722 t

388 1741 462 1803 istud
475 1739 674 1822 transgreditur
687 1749 785 1802 cuneta
795 1679 904 1802 metalla
913 1739 983 1807 fide.

348 1820 439 1898 Livor,
452 1820 508 1899 abi,
524 1819 654 1881 mordax!
672 1820 902 1902 absolvanturque
915 1819 1020 1901 priores
1031 1821 1059 1890 ’ς

387 1901 432 1962 Nil
442 1909 526 1963 novet
536 1910 584 1962 aut
592 1899 675 1962 addat
686 1898 795 1982 garrula
809 1899 964 1981 posteritas.

347 1980 475 2064 Dumque
488 1987 499 2020 ⁶
513 1980 588 2042 venit
605 1979 742 2072 Christus,
764 1979 880 2062 populos
893 1979 941 2070 qui
952 1979 1066 2042 suscitet
1087 1998 1188 2040 omnes
1258 1983 1261 2108 q

372 2061 523 2142 ¹Perpetuo
535 2059 764 2123 durentoulmrna
777 2064 917 2142 Perpetui.
1153 2076 1201 2122 tro
1260 2113 1261 2120 ,

438 2273 488 2322 vr.
504 2260 602 2334 iri-„0
616 2273 753 2322 moure
772 2273 813 2322 no
831 2273 920 2321 nrm
931 2271 1106 2320 nuruum.

343 2432 481 2496 Abraham
494 2438 504 2472 ⁸
519 2433 621 2496 sanetis
633 2433 733 2496 merito
745 2431 875 2498 sociande
887 2433 1019 2517 patronis,

385 2517 463 2590 Quos
474 2513 523 2577 tihi
536 2513 656 2596 collegas
670 2513 761 2577 dicere
773 2535 830 2576 non
843 2513 1000 2597 trepidem

283 2733 291 2762 ¹
311 2730 460 2794 Perpetuus,
475 2729 570 2792 sueque
581 2728 612 2780 de
630 2729 710 2778 'lours
734 2729 765 2779 ds
787 2727 894 2778 l'editlce
920 2726 1027 2800 agrandi
1053 2727 1094 2790 (a
1115 2726 1200 2778 l'iute·

249 2799 275 2841 et
293 2792 399 2841 sixteme
420 2805 564 2842 suecesseur
587 2792 618 2840 de
643 2791 710 2841 saint
736 2789 827 2854 rieur).
841 2791 995 2840 «Exteriore
1006 2789 1104 2840 domo·
1118 2797 1200 2840 eston

250 2852 342 2903 tlsrtin
355 2853 423 2904 avait
439 2853 565 2916 rumplaoe
585 2852 708 2902 l¹humble
735 2853 875 2916 opposition
887 2865 968 2902 aveo«
979 2851 1112 2902 internum
1121 2864 1200 2915 pene-

248 2913 297 2964 oha
329 2914 362 2964 lle
380 2915 402 2978 (ι
415 2914 643 2986 plebeiomaohina
655 2914 709 2964 cul·
735 2915 832 2966 truie.»

249 2981 298 3025 tu»
319 2981 509 3026 oonstrurtesur
520 2976 542 3026 le
552 2975 709 3027 tombeeude
769 2977 781 3007 ⁸
798 2975 991 3026 unbsolvantur
999 2975 1107 3040 priores,
1116 2979 1198 3039 ete.‚»

249 3035 508 3088 cesaintoonlesseur
525 3051 631 3101 paruus
643 3039 709 3087 hasi-
734 3051 784 3102 que
802 3051 849 3088 nos
867 3037 982 3088 anestres
999 3051 1032 3086 ue
1051 3037 1134 3087 soient
1154 3051 1199 3102 pas

249 3099 316 3163 lique
331 3100 459 3161 heauroup
476 3100 534 3162 ptus
550 3099 655 3162 grande.
672 3099 709 3148 si·
735 3100 889 3150 eundumnes
898 3135 907 3162 ,
922 3104 949 3150 et
970 3097 1061 3162 quele
1076 3100 1199 3162 posteritt

248 3162 323 3212 doine
332 3160 485 3225 apollinairs
495 3159 524 3210 lit
532 3161 712 3223 cetteiusorip·
735 3175 768 3212 ne
777 3175 803 3212 se
814 3169 889 3212 vante
898 3161 970 3225 point
979 3162 1010 3211 cle
1020 3161 1125 3225 pouvoir
1133 3160 1198 3214 tuine

249 3225 301 3276 tion
310 3237 351 3336 deu
362 3221 610 3334 persppleqqaqueqa
623 3222 706 3333 laede·
734 3223 767 3335 {pi
785 3224 894 3296 quelque
903 3224 979 3274 ohoss
991 3223 1022 3274 de
1034 3235 1153 3274 noureau
1164 3237 1198 3274 ou

248 3299 372 3411 ffilaefit
380 3299 394 3334 θ
403 3297 479 3418 novell
488 3296 554 3394 tlalllss
565 3297 708 3396 l'lllslllenrlg
752 3298 901 3407 eppepqin’
913 3366 924 3390 ι
935 3347 1037 3410 jusqu't
1047 3360 1075 3397 os
1088 3358 1149 3410 que.

250 3411 273 3458 la
290 3361 406 3460 nouvetlla
420 3408 506 3471 eglise.
768 3409 863 3458 “saint
875 3409 1005 3458 Abraham
1024 3409 1086 3479 solra
1104 3407 1200 3472 patio

280 3471 292 3502 ²
320 3491 332 3515 ι
352 3470 496 3540 nmptaque·
515 3472 597 3526 teuta,
617 3475 676 3529 eto,
696 3488 707 3514 ι
735 3469 895 3580 persecution
915 3483 966 3532 que
985 3470 1008 3520 lo
1026 3483 1063 3521 ror
1078 3421 1109 3520 (le
1123 3470 1199 3520 Perse

146 3559 149 3564 -
251 3532 359 3596 elevant,
373 3531 554 3588 al'exterreun
566 3530 589 3579 le
601 3537 709 3581 sommet
746 3531 867 3594 suegerde
889 3533 900 3580 1
921 3531 1026 3582 soulsvu
1047 3537 1137 3582 contre
1161 3532 1199 3583 les
