2496 4022
489 179 491 186 ·
540 175 708 248 retunsus.

248 279 432 340 Concurrunt.
446 277 535 340 Motus
549 277 598 340 sed
612 285 711 338 terram
729 275 854 358 protinus
867 295 982 338 omnem

248 356 387 434 Concutit,
400 366 429 420 et
442 358 510 420 coelo
524 357 616 439 lapsus
627 356 770 418 deseendit
781 363 874 436 aperto
1052 365 1101 410 ere

248 435 379 513 Nuntius,
394 447 421 499 et
433 457 530 500 saxum
543 437 643 498 tumidi
653 436 690 498 de
703 436 800 497 limine
811 435 897 497 volvit
911 458 917 494 z

248 515 322 577 illius
339 526 367 579 et
380 517 461 580 iacies
475 517 610 609 splendet¹
625 537 676 578 ceu
690 515 806 597 fulguris
820 515 903 597 ignis,

248 595 281 656 Et
297 597 367 658 nivis
380 598 414 659 ad
428 617 549 680 specrem
562 598 656 659 lucent
668 595 804 657 velamine
818 595 913 658 vestis.

190 675 193 680 “
246 673 379 752 Militibus
393 679 481 740 teiror
491 697 605 738 sensum
619 676 800 738 discluseret¹
814 674 940 752 orun'ein,

246 755 281 816 Et
291 759 403 836 jacuere
416 757 510 831 simul,
523 775 575 818 ceu
590 755 649 820 fusa
663 755 793 834 cada-vere
806 753 890 818 letho.
1032 809 1034 816 .
1049 765 1099 810 220

233 835 293 895 -llle
308 837 356 897 sed
370 836 404 898 ed
416 845 519 900 inatres
534 835 582 898 teli
596 855 661 898 eum
675 855 742 900 voce
755 834 898 916 profatu:
982 874 986 882 ·
1105 891 1107 899 .

250 937 265 972 n
279 914 373 976 Vestra
385 933 471 998 paror
484 915 577 979 nullus
588 915 717 998 ‘quotiens
731 933 806 975 nunc
819 913 901 975 corde
915 914 1011 994 tetiget
1019 941 1028 993 i

244 993 318 1056 Nam
328 995 472 1060 menitesta
485 994 555 1056 fides
568 1002 696 1072 sanctum
710 1013 758 1056 vos
772 1013 894 1074 quaercre
906 1010 1017 1076 eorpus,
1075 993 1082 1006 ’

245 1073 325 1144 Quod
337 1076 427 1137 crucis
441 1075 473 1142 in
483 1071 565 1157 ligno.
573 1073 825 1142 enecuissent
839 1069 908 1136 luit.
983 1077 985 1081 ’

246 1153 371 1216 Surrexit
383 1155 517 1234 Christus,
531 1164 688 1236 aeterneque
700 1153 805 1215 lumine
817 1154 881 1214 vitae
1048 1163 1125 1208 225ζ

245 1233 365 1314 Corpore
378 1242 562 1306 curnsnnoto,
580 1233 797 1310 memorie,
808 1233 923 1315 recepit.

245 1311 340 1380 Visere
353 1314 410 1394 jem
423 1313 501 1380 robis
515 1314 621 1375 licitum
636 1321 687 1386 est,
704 1312 778 1395 quod
792 1312 859 1374 sede
871 1312 996 1398 sepulcri

243 1389 326 1458 Nulla
340 1393 402 1453 istic
414 1393 524 1474 jaceant
534 1391 646 1454 fuerant
658 1411 721 1474 quae
735 1393 844 1454 condite
859 1390 992 1454 merobii.

245 1469 332 1533 Dicite
346 1474 477 1553 pretereo
488 1468 570 1534 celeri
585 1491 756 1554 properoque
769 1491 883 1533 recursu

243 1549 400 1634 discipulis,
414 1551 553 1616 Christum
564 1569 702 1614 remeasse
716 1553 745 1616 in
759 1551 873 1613 luminis
886 1551 975 1630 orus‚''
1048 1563 1096 1608 230

242 1629 330 1712 Inque
342 1630 481 1696 Galilaeern
497 1633 590 1696 letum
604 1631 759 1714 precedere
773 1639 885 1695 terram.
993 1710 996 1720 ι

281 1789 331 1852 His
344 1777 425 1852 dictis
438 1791 557 1874 visisque
572 1790 680 1854 suirrios
695 1789 854 1874 perfuderat
867 1792 965 1874 ingens

240 1869 348 1932 teritio
361 1872 491 1934 attonitos
504 1880 548 1934 stu
570 1892 611 1946 or,
627 1869 796 1952 ancipitique
810 1889 909 1954 pavore
918 1893 929 1930 r
1026 1933 1030 1938 ,

240 1949 367 2033 Denique
378 1951 511 2044 precipiti
527 1892 678 2032 celerantes
692 1949 790 2034 gaudia
804 1962 886 2012 cursu

181 2085 183 2094 ,
239 2029 316 2092 Talia
328 2032 468 2112 discipulis
480 2032 613 2106 referunt,
627 2031 824 2112 tumulumque
835 2031 1005 2114 relinquunt.
1043 2042 1092 2086 235

239 2109 311 2170 Ecce
324 2109 401 2170 iteris
414 2115 425 2148 ²
441 2111 533 2171 medio
550 2111 639 2172 clarus
654 2131 690 2172 se
699 2110 821 2172 ostendit
834 2109 920 2185 lesus,

238 2187 274 2248 Et
286 2187 355 2248 sudas
370 2198 472 2260 matres
484 2189 585 2252 blande
600 2191 704 2255 salvere
713 2187 852 2271 jubebat:

239 2265 395 2330 Occurrunt
408 2267 473 2342 illae,
488 2275 516 2330 et
529 2269 647 2351 genibus
661 2269 817 2410 plantisque
831 2270 985 2352 prehensis,

239 2345 378 2408 Victorem
389 2345 457 2414 lethi
471 2348 576 2430 pavide
588 2357 755 2412 venerantur
781 2368 870 2412 esum.
1043 2359 1095 2405 2³9
1234 2435 1235 2440 γ

1234 2441 1235 2485 r

175 2499 182 2530 ⁸
198 2475 210 2544 i
225 2499 394 2560 discluserat»
407 2503 444 2550 cst
453 2501 485 2550 ici
494 2497 518 2551 ie
529 2513 601 2564 syuo-
658 2501 781 2556 ¹«lteris»
791 2513 853 2565 pour
861 2501 1092 2565 itincrtectremtn.

140 2561 412 2625 superaccesserat.
721 2567 754 2596 ·.
860 2571 864 2576 -
