2582 4028
404 137 559 198 strumus
573 137 693 197 umus
711 139 836 196 moron.
931 129 935 140 ‘
984 192 990 202 ,
1031 131 1107 192 soa

247 242 325 326 Tunc
340 245 445 308 mentis
450 247 508 328 jam
519 247 617 330 plenus
629 245 714 308 homo
727 245 825 308 tellure
838 242 932 308 relicti

248 327 344 404 Cxilit,
359 347 392 388 ao
403 327 552 390 Dominum
568 326 689 409 prudens
705 325 820 388 rationis
833 323 944 388 adorat.

248 407 327 470 Haud
340 407 420 474 aliter
433 406 522 468 bustis
536 407 663 468 mandata
678 425 821 488 resurgere
834 404 936 485 apertis
1051 406 1104 453 280

247 487 379 570 Corpora,
394 483 483 568 quum
494 482 594 548 Christi
606 487 677 548 coelo
688 485 799 567 delapsa
811 483 913 566 patenti

246 567 376 648 Majestas
385 566 505 648 gravidae
519 566 650 628 reserabit
658 566 763 628 viscera
775 574 866 641 terrae,

246 647 377 720 Erilient,
390 647 597 731 Hominumque
610 645 701 707 colent
711 653 845 727 terraeque
857 643 981 734 polique.
1092 681 1095 696 ι

246 725 318 788 Nam
331 726 410 808 quod,
420 746 476 786 non
487 721 584 788 habuit
597 746 684 807 quum
694 725 734 786 sic
748 727 764 787 d
780 726 891 808 pulvere
902 723 949 786 nli

246 805 407 868 Humanum
420 806 450 867 in
465 806 582 868 formam
591 814 769 888 compactum
783 812 826 866 est
840 820 939 886 eorpus
951 802 1098 878 honoram,

246 885 380 947 Perfacile
394 895 437 948 est
446 905 555 947 rursum
569 887 708 968 integrum
721 895 754 948 ut
764 885 798 946 de
811 884 922 967 pulvere
934 882 1039 956 reddat,

245 963 326 1037 ouon
332 966 390 1052 jam
399 965 495 1026 habuit
507 965 610 1040 multos
620 966 739 1030 oelatm
754 973 823 1028 tenna
838 985 887 1055 per
898 963 1015 1026 annos¹.

245 1043 294 1106 Sic
307 1063 342 1106 ex
353 1045 475 1126 antiquis
486 1045 636 1126 prodibunt
644 1047 719 1126 jussa
732 1044 865 1128 sepulcris

245 1127 379 1208 Corpora,
393 1145 511 1207 quaeque
524 1146 590 1188 suas
603 1143 713 1186 rursum
726 1124 895 1186 assumentis
908 1128 1011 1205 partos.¹

245 1202 293 1266 Sic
305 1205 346 1268 nil
358 1205 489 1288 praeerit
503 1214 554 1279 est,
568 1205 643 1288 quod
653 1225 711 1267 non
722 1204 759 1266 sit
769 1205 857 1265 forma
871 1203 966 1266 futuri.
1050 1207 1101 1254 ²90

1102 791 1153 848 285

526 1395 564 1444 u.
582 1394 629 1447 lan
644 1394 815 1445 tentation.

283 1534 404 1600 Callidus
417 1542 446 1599 at
457 1555 571 1620 serpens
584 1535 695 1608 Domini
707 1537 809 1619 perlrin
830 1557 877 1600 ere
889 1537 993 1622 legem,

243 1616 356 1680 Talibus
368 1618 506 1680 incautam
517 1619 650 1699 persuasit
663 1618 805 1680 fraudibus
845 1639 926 1680 vam:

248 1697 299 1758 cO
314 1698 375 1758 vitae
388 1697 510 1758 melioris
520 1699 611 1778 inops,
627 1718 776 1780 rerumque
788 1699 925 1760 bonarum

243 1776 419 1858 Censignara
429 1777 694 1860 hominumrneque
705 1779 779 1840 enim
788 1777 950 1840 bonanosse
959 1775 1098 1862 putandus

242 1855 297 1928 Qui
313 1877 396 1939 prava
411 1859 553 1939 ignorans,
566 1858 650 1920 etiem
666 1858 836 1939 distinguere
849 1857 937 1918 nescit
1047 1865 1098 1910 29⁵

242 1935 304 2008 Quo
315 1937 421 1998 diversa
434 1937 515 2000 bonis
531 1939 604 1999 inter
618 1955 648 1998 se
661 1936 749 1998 limite
761 1937 874 1998 distent,

241 2017 333 2096 Atque
346 2016 409 2078 ideo
424 2025 555 2099 augustos
568 2016 675 2078 homini
689 2016 730 2076 fas
744 2034 855 2098 carpere
868 2015 996 2078 fructus*

240 2094 336 2158 Noluit
348 2116 409 2158 esse
417 2097 506 2158 Deus:
519 2117 555 2158 ue
569 2096 671 2158 mentis
682 2095 758 2158 nube
769 2100 874 2157 remota

244 2175 397 2238 lmmittant
411 2178 440 2237 in
453 2177 555 2238 coelum
569 2177 675 2250 oculos,
690 2185 773 2258 atque
785 2176 888 2258 optima
900 2182 1027 2251 noscant,

239 2253 432 2398 sintque‘deis
440 2257 560 2318 similes,
571 2257 643 2317 »llio
655 2277 731 2318 nune
743 2277 889 2322 excurrere
901 2257 1015 2340 paulum
1045 2264 1097 2310 300

239 2335 291 2397 Fas
318 2341 394 2413 uat³,
408 2343 436 2400 et
446 2345 543 2418 turpes
559 2344 683 2400 veterum
696 2337 800 2400 detlere
811 2338 916 2399 ruinas.

277 2495 323 2558 nt
331 2482 454 2560 ¹nimium
464 2495 558 2561 miseri
572 2498 699 2582 gentiles,
711 2519 782 2582 quos
795 2498 871 2561 furor
882 2497 940 2582 egit

240 2573 271 2636 ln
283 2578 374 2638 varios
387 2578 467 2651 ritus,
480 2579 647 2662 cognomina
660 2581 749 2641 multa
762 2579 877 2640 deorum

238 2655 368 2738 Fingere,
377 2657 570 2798 pluralemque
584 2657 641 2720 Deo
653 2678 751 2722 vocent
763 2657 863 2720 addere
877 2657 944 2718 solil

238 2734 381 2818 Serpentis
396 2757 512 2820 primam
541 2759 593 2800 ano
606 2737 700 2801 sonuit
710 2757 764 2799 vox
772 2737 856 2820 impia
873 2737 937 2818 diri,
1044 2745 1097 2792 305

237 2813 293 2888 oui
306 2817 404 2882 mortis
416 2826 477 2880 tum
490 2837 571 2883 eausa
582 2818 643 2880 luit.
654 2817 725 2882 Nam
739 2818 849 2880 credula
863 2819 1011 2900 postquam

148 2927 152 2932 ·
238 2887 324 2978 Rupit
337 2896 478 2980 sacrilegis
492 2899 682 2981 prescriptum
699 2897 835 2960 morsibus
848 2898 915 2972 llva,

173 3099 181 3132 ¹
197 3099 359 3162 noeodnon
370 3101 461 3154 habuit
472 3121 485 3147 s
497 3115 523 3152 se
539 3113 597 3166 rap-
639 3103 748 3153 lormam
768 3103 907 3167 honorem,
917 3101 1038 3167 perfacile
1055 3107 1094 3154 est

142 3169 210 3222 porte
226 3165 269 3216 t«
289 3164 422 3230 integrum
435 3172 483 3216 »et
505 3171 543 3216 est
564 3179 598 3215 en
637 3172 742 3216 utterra
751 3167 840 3216 reddat
849 3167 979 3230 integrum
989 3167 1093 3214 rursum

141 3226 279 3295 onpositioo
299 3227 463 3290 aveouquod
476 3229 532 3291 jam
552 3227 596 3276 lra-
636 3228 668 3278 de
692 3230 816 3292 pulvere,
839 3228 905 3292 quod
929 3229 1018 3278 habuit
1037 3228 1093 3290 jam

141 3281 202 3340 brut.
214 3307 230 3342 ι,
240 3289 276 3354 bu
285 3289 461 3342 construction
481 3290 597 3342 suivante
637 3290 747 3341 celatum
760 3303 805 3354 per
816 3292 910 3342 multos
919 3303 1028 3340 annos.»

141 3347 227 3400 suffire
247 3365 313 3414 pour
326 3351 452 3414 indiquer
474 3351 499 3402 le
519 3365 595 3402 sens:
667 3351 842 3424 ²«Augustos
862 3353 970 3415 fruetus,
991 3351 1090 3402 -trntts

143 3413 480 3479 rnam,quou(terra)non
497 3413 594 3477 habuit,
635 3415 829 3476 saerosrlrvius.
938 3448 940 3456 »
969 3419 971 3426 ’

141 3481 218 3540 tuum
241 3489 334 3540 eorpus
360 3477 503 3528 humanum
526 3489 596 3526 com·
666 3477 827 3529 tabeat.»
850 3477 998 3530 mchdsme
1029 3489 1094 3546 pour
1124 3507 1131 3533 ·.

142 3541 241 3596 nactum
251 3545 290 3589 est
308 3539 344 3590 sic
362 3539 495 3606 &puluere
513 3537 595 3592 rillio
635 3557 648 3584 ι
665 3539 707 3590 sit.
733 3557 747 3584 ι
841 3571 844 3582 -
