2566 4028
569 157 791 218 rfluouuunnn.

286 264 352 327 Jus¹
366 285 540 349 regnumque
552 267 601 330 Dei
616 287 761 328 censemur
774 286 898 348 quaerere
909 267 1052 350 primum,

327 345 424 409 Omma
438 357 469 408 ut
483 349 534 408 bac
544 347 796 427 nobisa.ijiciarrtvrr
807 369 870 428 ope.
1126 367 1157 414 10

287 425 440 488 Marmore²
453 429 474 487 si
488 429 532 487 tati
545 429 630 506 jacias
645 427 805 487 fundamina
824 429 920 506 prima,

326 507 445 567 Firmius
457 528 540 568 ‹vrnue
556 509 630 588 pium
640 512 650 543 ³³
664 508 726 565 binc
742 507 811 566 bene
822 511 909 588 surgit
924 527 1006 589 opus.

288 585 422 658 Qsenrei,
435 594 452 648 b
466 597 575 667 quater,
593 592 610 648 ὁ
625 586 731 645 numeri
749 586 809 646 siue
825 587 885 666 iege
898 588 1022 659 beatum,

327 664 407 738 Quod
422 665 482 739 tibi,
496 666 614 746 Christe,
629 667 717 747 laprsi
731 665 844 748 inclyte,
857 666 981 728 adhaeret
992 671 1084 750 opust

288 826 352 890 Mox
367 825 402 888 de
415 847 491 890 more
504 826 553 888 sori
567 826 640 887 celer
653 834 751 909 appete
763 826 880 888 claustra
897 829 992 890 sonori
1002 833 1026 904 ⁵,
1119 837 1151 893 te

326 905 387 978 Quo
403 919 428 967 te
440 908 494 966 sors
508 916 613 986 spectat
625 907 742 988 litigiosa
758 911 869 968 cohors.

287 985 360 1047 Dum
373 987 445 1047 redis
459 987 547 1068 isque,
559 997 640 1046 sonet
650 991 672 1046 si
684 987 764 1047 verba
781 987 921 1068 precantia
936 1007 1059 1072 pauper,

328 1066 380 1137 Qui
396 1087 426 1126 se
441 1077 500 1148 post
511 1066 582 1126 dicat
596 1086 651 1127 non
667 1067 715 1126 tibi
732 1087 811 1146 posse
827 1067 916 1148 loqui,

289 1149 383 1221 Quum
401 1147 500 1227 populo
512 1146 629 1226 stipatus
643 1167 699 1216 eas,
715 1145 852 1207 foribusve
867 1145 1005 1228 superbis,

330 1226 414 1290 Ptebe
428 1225 551 1287 inhiante
561 1226 636 1294 foris,
651 1228 708 1306 ipse
724 1229 929 1306 comploseris,
1117 1245 1150 1307 ep

289 1303 328 1365 Te
344 1325 427 1387 prope
442 1305 513 1367 fidus
526 1316 569 1366 eat
580 1311 727 1388 justusque
741 1306 856 1387 piusque
867 1305 1010 1378 minister,
1119 1299 1127 1316 ’

298 1453 301 1460 1
330 1389 391 1456 Quo
404 1386 483 1454 duce,
499 1395 559 1466 post
573 1385 680 1446 tibimet
696 1405 798 1466 proper
809 1389 905 1445 abesse
916 1397 1012 1466 queat.

290 1461 341 1524 Cui
356 1461 620 1525 dicasmHominem
636 1485 702 1524 cons
724 1466 828 1525 cotibus
840 1465 933 1526 addito
945 1465 1060 1542 nostris,
1131 1475 1140 1488 ⁶

330 1541 429 1624 Magna
440 1543 590 1623 querelosis
604 1545 650 1625 qui
668 1485 748 1604 duint
762 1563 823 1605 orsa
834 1546 944 1604 sonis.»

291 1621 326 1683 Et
339 1623 462 1683 residens
474 1624 533 1702 ejus
549 1624 668 1702 primvbn
685 1623 757 1683 bene
771 1624 877 1683 discute
890 1644 1017 1700 causam,
1113 1645 1146 1690 25

332 1701 435 1764 Ordine
449 1713 511 1784 post
524 1707 653 1763 currant‘⁵
665 1702 774 1782 singula
786 1723 906 1784 quaeque
918 1724 981 1765 suo.

293 1863 335 1925 ad
349 1863 406 1926 sora
420 1863 475 1932 sors
487 1864 587 1946 quaeris
600 1863 726 1928 veniendi
739 1875 851 1946 tempus
865 1873 892 1925 et
902 1864 1019 1926 boram?

332 1944 432 2024 Accipe
447 1945 605 2014 currilium,
622 1965 703 2003 mane
715 1946 815 2017 venite,
829 1965 933 2004 meum.

293 2023 401 2104 Perque
415 2025 490 2084 diem
501 2035 589 2085 totum
607 2043 663 2084 non
677 2033 703 2083 te
718 2023 792 2084 labor
802 2025 852 2084 iste
869 2024 1000 2104 gravabit,

334 2102 405 2163 Hmc
416 2123 496 2184 seges
510 2113 551 2163 est
565 2103 659 2182 major.
673 2105 727 2183 qub
741 2123 822 2184 mage
836 2105 961 2184 quisquis
975 2109 1044 2164 arat.
1118 2119 1152 2167 ³0

298 2182 369 2252 Qun
380 2183 471 2262 legem
486 2193 516 2242 ut
529 2193 637 2262 caperet
647 2182 749 2262 jejunia
768 2203 867 2260 magna
879 2185 995 2266 peregit,

339 2260 436 2320 Fertur
448 2261 477 2319 in
488 2261 540 2321 hoc
554 2269 615 2320 actu
626 2264 802 2322 continuisse
816 2263 885 2324 dies.
1025 2260 1029 2268 ’

299 2337 360 2400 Vidi
376 2359 427 2419 ego
439 2359 567 2400 censores
579 2341 612 2399 ad
625 2341 694 2419 juris
708 2343 800 2401 munia
817 2344 921 2414 tardos

339 2417 463 2492 Munera,
475 2439 540 2480 nam
555 2418 652 2492 fateor,
666 2421 701 2480 ad
716 2422 846 2501 capienda
864 2422 943 2482 citos.

235 2677 243 2707 ¹
265 2696 276 2722 α
295 2674 349 2736 tus,
367 2679 415 2725 etc.
429 2692 441 2718 υ
454 2671 575 2738 Evangile
591 2671 661 2722 selon
685 2673 786 2720 suivant
797 2675 835 2720 est
847 2671 943 2734 aspirbe
962 2676 987 2720 et
1003 2669 1063 2734 jone
1076 2683 1153 2734 pres·

200 2738 268 2790 seint
280 2741 338 2788 Luc.
351 2738 392 2787 ch.
405 2751 447 2791 xu,
462 2751 485 2787 v.
499 2741 525 2786 31
543 2757 548 2784 :
564 2755 575 2779 ιι
588 2737 661 2796 Qoae-
685 2747 733 2798 que
747 2748 767 2784 :e
779 2733 831 2783 rote
843 2734 918 2783 d'une
930 2746 1065 2783 corisonne.

201 2800 250 2849 rite
268 2800 381 2862 primum
395 2813 421 2846 re
442 2813 503 2850 num
518 2798 560 2848 bei
574 2800 660 2859 etius·
718 2796 757 2839 ἀ
782 2798 863 2858 ans.
889 2817 900 2841 ι»
927 2795 1010 2844 vincte
1031 2795 1149 2858 altongee

199 2861 284 2910 titiam
300 2861 364 2920 ejus,
383 2869 408 2908 ei
423 2814 478 2908 iiaec
495 2859 660 2922 omniaadji-
685 2871 729 2968 ppr
751 2858 775 2908 la
795 2859 882 2907 ceure
903 2865 928 2906 et
953 2870 999 2920 par
1026 2855 1146 2907 l'acoent.

200 2921 300 2970 cientur
313 2920 390 2968 vobis.
401 2938 412 2962 i
708 2933 777 2983 ovea,
786 2933 847 2983 page
858 2925 881 2981 2,
896 2928 953 2968 note
964 2923 988 2968 t.

232 2981 661 3041 ²«Macrinoreetc.»tosus-Christ
716 2983 728 3012 ὅ
746 3001 757 3026 «
778 2983 834 3030 Fon
854 2982 946 3032 sonori.
961 2998 972 3025 a
987 2981 1057 3028 Nous
1070 2993 1150 3029 avons

200 3055 316 3107 comparo
328 3042 392 3112 cetui
405 3042 448 3104 qni
462 3042 548 3111 ecoqte
560 3057 598 3092 ses
613 3057 659 3104 pv·
685 3043 741 3104 dja
754 3058 785 3092 vu
801 3043 856 3107 ptus
867 3045 954 3092 nerui«
972 3043 1077 3105 clangor
1091 3049 1150 3092 tur·

201 3106 266 3156 rolcs
286 3111 312 3154 et
332 3116 376 3166 qur
398 3103 433 3150 tes
453 3111 567 3164 pratrque
589 3107 604 3151 a
626 3118 659 3152 un
685 3105 811 3153 barum.»

202 3168 305 3218 homme
317 3165 358 3228 qui
379 3177 436 3226 pose
454 3165 489 3212 tes
502 3165 661 3214 t'onuements
717 3168 728 3195 ‘³
748 3167 892 3223 «Currant,
906 3185 918 3210 n
931 3179 957 3216 se
973 3165 1117 3218 cerealem.

202 3229 374 3280 desemaison
386 3241 429 3275 sur
442 3226 662 3289 tapierre.Vovez‚
718 3227 728 3256 ⁷
747 3247 758 3270 «ι
774 3229 840 3288 Qui,
860 3237 907 3278 etc.
928 3243 941 3272 u
966 3228 1034 3277 Nous
1069 3241 1149 3279 avons

201 3288 480 3356 Evangitesotonsaint
498 3287 658 3347 Luc,ch.v1‚
684 3287 741 3348 dtja
768 3289 805 3336 dir
828 3291 890 3338 dans
914 3303 958 3338 nos
993 3297 1064 3340 notes
1097 3303 1148 3354 que

200 3365 225 3402 v.
236 3358 264 3412 tt
277 3361 302 3403 et
313 3357 352 3400 48.
584 3406 611 3416 ..
682 3349 756 3396 Motse
775 3353 854 3409 jonna
878 3357 1003 3412 quarente
1027 3355 1102 3413 Jours
1124 3355 1151 3404 et

233 3415 274 3458 η
303 3413 383 3461 Pium.
407 3429 420 3454 u
442 3408 514 3458 Point
532 3407 655 3455 censum.
682 3412 1012 3466 quar-inienuitsavanttle
1034 3413 1149 3464 receuoir*

199 3473 281 3535 Vovez
293 3486 338 3522 nos
350 3483 496 3532 remarques
508 3471 523 3515 a
535 3480 562 3515 ce
580 3469 657 3528 sujet.
683 3467 717 3512 les
728 3466 806 3514 tabtes
814 3469 844 3517 de
854 3471 925 3519 tatoi.
938 3471 1020 3534 Voyea
1033 3473 1149 3536 twaede,

199 3545 263 3594 page
274 3537 363 3592 2,note
373 3537 397 3581 4.
410 3532 444 3581 Do
454 3530 510 3596 plus
520 3527 555 3576 l’b
564 3527 661 3578 dumot
680 3526 721 3574 ch.
735 3537 822 3588 xxxiv,
836 3543 861 3577 v.
875 3535 919 3580 28.
984 3575 993 3586 ,
1017 3585 1024 3596 ¹
