2522 4024
570 197 665 254 Slthl'
677 193 800 252 orient.

309 306 345 368 Ut
357 311 396 385 te,
411 321 496 388 quern
508 303 610 386 raptim
623 302 733 385 fugiens
745 301 922 366 commendat
934 302 1068 367 honestas
1082 308 1108 387 ¹,

350 386 451 468 Perpcs
464 391 526 476 post
537 380 643 444 obitum
659 382 745 464 gloria
758 382 899 464 suscipiat.
1123 403 1185 450 1⁶0

308 467 379 528 Nam
390 473 490 526 nostris
501 475 592 525 certus
606 463 731 535 monitis,
743 482 874 524 mansura
886 471 1033 530 memento

350 545 462 618 Omnia,
478 563 552 606 nuno
565 543 643 604 stulti
656 562 718 626 qua
731 543 851 684 oboritura
865 550 964 626 putant
976 565 985 616 ;

309 629 333 689 Α
364 646 400 688 uc
413 625 534 698 animas,
548 622 647 686 iisdem
664 643 737 684 mem
758 623 793 684 ris
806 623 998 699 redeuntibus
1012 625 1110 710 ipsum

373 705 438 768 rede
451 713 607 789 recepturas
619 704 739 786 corporis
752 701 936 766 involucrum.

190 823 194 832 ·
312 785 376 859 Ora,
392 785 478 860 color,
491 784 614 868 sanguis,
628 801 718 860 venae,
733 783 815 860 cutis,
829 804 902 857 ossa,
916 785 1019 869 capilli,
1122 804 1178 851 ros

354 865 390 928 Ut
401 885 476 927 nuno
487 865 626 938 labuntur,
639 864 680 926 sic
690 865 788 926 iterum
800 864 924 926 venient.

311 946 373 1009 Non
383 945 466 1007 modd
479 963 541 1028 quae
554 943 670 1007 tuinulis
680 943 752 1006 hene
765 943 873 1006 condita
884 965 949 1006 saxa
963 956 1124 1025 reservant,
1168 1007 1174 1020 ,

350 1026 406 1088 Aut
417 1025 537 1088 Arabum
550 1023 672 1087 solidans
684 1023 773 1109 pulvis
783 1023 905 1106 odorque
918 1033 945 1086 te
965 1027 996 1096 it,

312 1106 379 1178 Sed,
393 1105 466 1167 dioto
481 1105 574 1180 citids‚
587 1104 722 1168 firmanda
735 1102 763 1166 in
776 1103 899 1166 membra
912 1125 942 1167 re
963 1107 970 1119 '
992 1107 1014 1168 it

352 1185 444 1248 Pontio
458 1187 492 1247 de
505 1185 630 1258 tumulis,
643 1185 733 1268 portio
744 1183 895 1256 dodariis:
1117 1206 1175 1253 170

313 1265 393 1338 Quod
408 1273 506 1327 ventus
517 1265 582 1327 tlatu
594 1265 705 1340 minuit,
722 1264 794 1347 quod
804 1263 889 1326 hestia
904 1283 1009 1339 morsu,

353 1344 476 1406 Flamma
490 1345 564 1428 quod
579 1346 695 1420 exussit,
711 1345 839 1428 quodque
852 1345 932 1405 ruina
945 1346 1058 1437 premit,
1082 1371 1099 1386 ·

311 1425 412 1486 Totum
426 1424 523 1498 aderit,
537 1432 628 1488 totum
640 1427 746 1488 diversa
757 1431 875 1507 exparte
886 1425 978 1499 coibit,

352 1503 418 1566 Pars
428 1504 547 1582 volucri,
560 1512 607 1567 aut
619 1504 701 1590 pisci,
716 1525 778 1589 pars
790 1504 887 1568 laniata
899 1504 963 1566 teris
971 1525 995 1579 ;.

311 1584 345 1646 llt
376 1585 432 1646 uod
443 1602 519 1645 nunc
531 1593 596 1646 aetas
610 1586 714 1646 sensim
726 1586 847 1666 longaeva
863 1584 987 1661 resolvit,
1117 1603 1172 1651 17⁵

353 1604 494 1746 llraptim
505 1664 617 1728 Domini
632 1664 747 1727 buccina
762 1665 901 1742 restituet,

312 1744 358 1819 Ut,
373 1763 422 1827 pro
432 1744 566 1806 lautorum
578 1745 694 1818 meritis,
711 1745 740 1805 in
754 1764 865 1836 corpore
877 1744 987 1823 eodem,

353 1823 383 1886 ln
395 1845 451 1908 quo
484 1833 613 1887 esserunt
626 1845 676 1888 scu
690 1825 772 1900 hona,
786 1824 934 1900 strenuuin,
972 1851 977 1860 ·

313 1845 484 1981 Selmena}
498 1913 591 1968 motus
601 1906 757 1968 animorum
770 1925 851 1972 carne
861 1909 997 1979 reversd²,
1254 1915 1255 1999 i

352 1987 439 2050 Poena
448 2005 520 2059 reos,
534 1987 624 2078 justos
640 1985 726 2066 gloria
740 1985 812 2046 susci
832 1985 880 2046 iat.
1113 2004 1167 2052 roo

312 2067 367 2130 Cur
378 2073 470 2127 autem
482 2065 602 2138 dubites,
619 2085 706 2148 quum
717 2005 897 2146 praecellentia
911 2071 1066 2130 monstrent
1253 2109 1254 2171 1

352 2143 388 2206 Ut
397 2143 446 2205 tibi
460 2146 567 2206 venturi
580 2145 615 2207 sit
627 2145 773 2207 manifesta
784 2145 875 2206 fides?

312 2223 430 2306 Respice
444 2224 562 2285 nudatas
575 2223 694 2286 brumali
708 2221 810 2307 frigore
821 2223 903 2288 silvas

352 2302 414 2362 tam
426 2301 577 2385 desperatis
590 2304 731 2366 luxuriare
744 2305 842 2368 cornis.

312 2381 380 2454 Quae
392 2379 480 2443 stabat
494 2402 616 2445 moerens
629 2383 746 2447 decusso
755 2386 868 2468 palmite
878 2383 950 2461 vitis,
1113 2403 1162 2453 teo

352 2460 473 2523 Vestitur
488 2461 572 2536 foliis,
583 2462 717 2526 fructibus
728 2465 861 2530 induitur.

314 2541 430 2627 Spicous
444 2541 537 2606 densis
551 2543 673 2606 calamus
686 2544 919 2619 novennarium,

354 2623 385 2686 ln
396 2627 467 2686 terri
483 2643 601 2705 granum
617 2624 691 2706 quod
707 2625 789 2688 modd
802 2636 881 2709 putre
893 2624 964 2700 tuit3
1250 2633 1251 2683 l

314 2704 350 2768 Et
362 2723 425 2786 quae
439 2723 514 2766 nunc
526 2703 595 2767 tristi
607 2704 771 2786 squalebant
784 2727 846 2768 arva
860 2713 983 2780 veterno,

353 2783 426 2846 Laeta
438 2802 509 2846 novo
520 2783 611 2846 rident
619 2785 755 2866 germine,
771 2785 839 2848 llore
852 2785 962 2848 rubent.
1112 2803 1161 2851 ¹90
1249 2759 1250 2854 l

313 2862 374 2946 lpse
386 2862 469 2924 etiam
482 2865 565 2925 variis
575 2863 723 2938 conclusus
737 2865 889 2941 mensibus,
905 2885 995 2928 annus

353 2941 489 3024 Tempore
501 2950 606 3004 mutato
621 2945 718 3006 mortis
729 2944 813 3008 hahet
826 2946 963 3028 speciem,

312 3021 405 3094 Quum
418 3040 465 3082 rer
478 3030 624 3099 autumno,
639 3023 727 3105 frigus
741 3024 889 3107 depellitur
901 3034 969 3087 aestu
982 3047 989 3098 ;

352 3099 441 3181 thue
453 3099 598 3162 hominum
609 3122 654 3164 res
665 3110 716 3177 est,
730 3103 785 3166 hoo
796 3106 882 3180 venit,
895 3105 964 3168 illud
974 3105 1043 3168 abit.

318 3181 376 3248 lloo
387 3188 480 3240 tamen
495 3185 609 3256 aeterno,
623 3181 712 3244 donec
724 3181 798 3246 Deus
811 3186 918 3264 annuit,
932 3205 996 3262 usu,
1112 3205 1156 3253 195

353 3263 437 3346 Inque
449 3258 537 3322 viccm
549 3259 655 3324 alterno
668 3261 786 3328 volvitur
799 3265 891 3328 officio
898 3284 910 3348 3

251 3481 259 3514 ι
281 3477 403 3550 «Rapum
412 3469 670 3550 mgtamlronestas,»
738 3475 1081 3534 'cddmotusanimorum
1089 3493 1157 3537 carne
1245 3449 1246 3536 l

218 3553 269 3596 urin
280 3545 321 3598 vie
333 3539 442 3598 honndte
451 3537 496 3604 qul
505 3547 518 3588 8
527 3533 613 3586 όωΠῙθ
631 3547 672 3586 η·
704 3539 816 3602 reversd,
824 3559 836 3584 ι
843 3539 867 3590 la
874 3541 1023 3596 chairdldnt
1030 3543 1157 3604 &nlmdude

216 3604 358 3670 prowm,
706 3609 823 3653 uouroau
835 3615 882 3668 par
892 3601 1000 3670 l'esprit.
