2506 4030
578 215 751 276 PRUDENCE.

456 393 534 445 Vssl.
548 394 693 456 Hymnus
710 391 910 455 Epiphaniae.

185 554 371 630 Quicumque¹
380 554 518 614 Christum
525 552 657 630 quaeritis,
713 553 766 622 En,
778 551 881 609 Persici
890 567 923 608 ex
937 548 1009 607 orbis
1023 543 1098 624 sinu,

168 627 267 685 Oculos
279 627 309 684 in
320 627 403 684 altum
417 627 514 697 tollite,

167 698 225 756 lllic
239 697 332 756 licebit
344 697 433 754 visere

167 769 283 844 Signum
294 767 536 842 perenn'uglorin.
552 813 566 824 ..
597 825 600 830 .

200 921 263 978 llaec
278 919 367 989 stella,
377 935 437 992 quae
450 917 516 976 solis
528 922 617 976 rotam

167 991 259 1048 Vincit
270 991 367 1048 decore
380 1007 411 1046 ac
424 989 538 1061 lumine,

168 1061 280 1119 Venisse
290 1062 371 1120 terris
384 1061 489 1120 nuntiat

168 1135 235 1192 Cum
249 1148 331 1190 carne
346 1132 470 1190 terrestri
484 1135 583 1188 Deum.

201 1283 261 1341 Non
274 1281 319 1338 illa
331 1281 415 1340 servit
429 1281 566 1354 noctibus,

166 1354 263 1411 Secuta
275 1353 367 1410 lunam
381 1359 550 1408 menstruam
567 1369 574 1408 :

166 1424 218 1482 Sed
232 1423 287 1480 sola
299 1425 397 1480 coelum
410 1420 561 1494 possidens,

166 1494 281 1554 Cursum
295 1492 400 1550 dierum
416 1498 558 1565 temperat.

201 1647 305 1718 Arctoa
314 1643 437 1718 quamvis
452 1641 567 1704 sidera²

167 1718 198 1773 ln
210 1732 240 1773 se
251 1715 360 1774 retortis
370 1713 489 1771 motibus

166 1787 251 1844 Obire
265 1786 278 1823 ³
292 1786 390 1856 nolint,
407 1791 524 1843 attamen

167 1859 329 1932 Plerumque
344 1857 392 1914 sub
404 1856 504 1915 nimbis
516 1859 610 1916 latent.

201 2009 259 2068 Hoc
268 2010 342 2068 sidus
356 2010 491 2067 eternum
501 2015 603 2080 manet,

167 2083 230 2138 llaeo
242 2082 319 2138 stella
331 2095 468 2151 nunquam
481 2082 623 2153 mergitur,

167 2154 234 2217 Neo,
246 2151 326 2207 nubis
338 2165 453 2206 occursu
464 2149 562 2221 obdita,

168 2219 317 2280 Ohumhrat
330 2218 473 2276 obductam
487 2219 582 2279 lacem.

204 2369 300 2427 Tristis
316 2375 420 2425 cometa
432 2367 585 2443 intercidat,

165 2444 208 2509 tlt.
220 2441 244 2498 si
256 2439 328 2514 quod
341 2445 443 2496 astrum
459 2439 524 2496 sirio
607 2435 614 2450 '

166 2513 266 2570 Fervet
277 2527 310 2567 va
331 2525 378 2566 oro
391 2509 415 2576 ⁴,
426 2509 481 2583 jam
496 2510 551 2568 Dei

168 2581 224 2642 Sub
233 2583 295 2642 luce
306 2527 473 2640 Senonum
485 2581 573 2642 cadat.

677 623 725 680 Sol
738 622 810 680 uude
821 621 904 678 sumit
916 621 1024 692 januam
1040 622 1065 692 ⁵,

676 691 802 749 cernunt
815 692 893 765 periti
908 692 1073 776 interpretes

674 763 776 837 Regale
787 764 915 822 vexillum
928 763 1006 836 llagr.

711 913 789 982 Quod
802 921 832 972 ut
843 913 962 979 refulsit,
978 915 1072 972 ceteri

674 987 786 1043 Cessare
800 985 936 1058 signorum
957 984 1040 1056 globi,

674 1056 729 1112 Nec
745 1055 858 1128 pulcher
872 1062 913 1112 est
926 1071 1005 1112 ausus
1016 1071 1096 1114 suam

675 1127 805 1186 Conlcrre
815 1125 930 1184 [ormam
941 1126 1048 1190 luciler.

799 1231 810 1254 0

712 1299 726 1332 u
742 1278 808 1348 Quis
819 1278 873 1335 isto
887 1285 988 1350 tantus,
998 1276 1137 1352 inquiunt,

673 1350 822 1422 Regnator,
837 1351 916 1406 astris
927 1349 1076 1421 imperans,

674 1421 761 1489 Quem
775 1421 813 1477 sic
828 1426 950 1478 tremunt
961 1420 1093 1490 uoelestia,

674 1491 724 1549 Cui
737 1492 783 1549 lux
796 1497 823 1548 at
838 1491 922 1548 ethra
930 1491 1104 1550 inserviunt?

710 1661 725 1694 n
736 1642 840 1699 lllustra
850 1641 977 1716 quiddam
987 1639 1137 1710 cernimus,

675 1713 752 1782 Quod
767 1714 871 1770 nesciat
882 1713 963 1770 finem
976 1713 1043 1796 pati,
1126 1723 1129 1726 ·

675 1783 805 1850 Sublime,
830 1784 945 1854 celsum,
974 1781 1167 1853 mterminum

675 1855 820 1928 antiquius
833 1855 902 1912 coelo
917 1863 944 1912 et
958 1855 1035 1912 cluo.
1051 1875 1065 1909 n

710 2005 761 2063 llio
775 2005 821 2064 ille
833 2007 892 2062 Rex
904 2012 945 2064 est
958 2007 1092 2080 gentium,

674 2077 823 2151 Populique
834 2079 892 2134 Rex
902 2078 1020 2148 ludoici,

674 2149 826 2227 Promissus
840 2149 955 2206 Abrahae
969 2149 1053 2221 patri,

673 2221 793 2292 EJusque
808 2221 837 2276 in
848 2236 935 2277 aevum
945 2219 1052 2278 semini.

710 2369 851 2444 AEquanda
862 2387 926 2428 nam
943 2371 1028 2427 stellis
1045 2385 1092 2429 sua

675 2441 810 2514 Cognovit
822 2440 887 2500 olim
897 2441 1019 2516 germina
1032 2439 1045 2478 ⁰

675 2511 782 2570 Primus
792 2521 864 2570 sator
876 2513 1055 2583 credentium,

675 2583 734 2640 Nati
745 2583 898 2644 immolator
912 2584 996 2642 unici.

74 2865 81 2890 x
166 2805 312 2870 Aulonrdu
333 2807 463 2870 lugement
482 2807 579 2860 dernier
598 2807 625 2858 la
647 2805 770 2860 viennent
791 2807 939 2868 invisibles,
968 2818 1016 2872 que
1046 2807 1108 2860 lors·

166 2869 356 2980 erotxlrngperu
377 2879 474 2920 comme
491 2869 517 2920 la
538 2869 624 2922 loudre
647 2871 752 2932 qu'elles
786 2876 843 2921 sont
871 2870 975 2920 cachces
999 2883 1045 2934 par
1071 2871 1108 2922 les

166 2932 282 2992 lesregur
300 2929 364 2981 sdes
374 2929 447 2980 tulis.

199 2997 208 3025 ¹
227 2993 289 3044 llere
301 2991 443 3054 iambiques
452 2991 573 3044 dimttres
585 2994 625 3044 re-

648 2945 753 2997 nuages.

681 2995 692 3026 ⁵
709 3014 719 3039 u
733 2993 816 3052 onim,
831 3011 842 3039 ι
857 3007 883 3044 se
894 2994 1011 3044 coucher.

168 3053 272 3166 guilleri.
285 3053 377 3166 Vssyea·
414 3067 445 3118 ge
460 3057 572 3165 w’lnmg
582 3061 605 3106 2.
649 3056 697 3164 s'4'
713 3074 725 3100 ι
739 3056 944 3166 sgiovapolre,p
958 3055 1108 3165 ¹3⁸¹f⁶¹¹¹i¹⁰

166 3129 624 3230 ontflettttlfflnutlutlt
648 3130 1020 3242 lllltnltllttllttlt
1037 3132 1108 3182 ΡΜ·

167 3241 223 3292 font
245 3241 301 3292 leur
321 3239 462 3290 revolution
483 3245 574 3289 auteur
588 3239 623 3289 du

680 3242 692 3270 ὅ
711 3241 865 3291 alanuamn
879 3242 1024 3306 equivauta
1041 3261 1054 3287 ι
1067 3256 1107 3293 or·

167 3303 244 3368 pole,
262 3317 294 3355 en
307 3295 380 3353 'sorte
397 3301 500 3365 qu'elles
521 3313 623 3364 pareon-
648 3307 713 3352 tum.
729 3325 740 3348 n

168 3375 227 3416 rent
240 3379 275 3416 un
288 3377 375 3429 espace
394 3363 585 3426 tren-restraint,
598 3369 624 3414 et
680 3363 692 3393 ⁰
711 3383 721 3409 ι
743 3365 793 3412 Sua
810 3365 937 3472 germina,
950 3384 961 3409 n
975 3379 1002 3414 aa
1022 3367 1106 3430 postea

168 3429 320 3480 revienneut
349 3425 446 3478 hleutlit
469 3427 484 3475 e
507 3424 623 3476 l'eudroit
648 3424 705 3473 rite.
729 3425 793 3473 Dleu

832 3426 851 3473 it
871 3427 1044 3489 tolerabam,
1064 3427 1108 3477 Ge·

167 3489 227 3540 d'ou
240 3491 301 3542 elles
315 3490 408 3540 etaient
419 3489 519 3554 parties.
532 3507 543 3532 u
557 3487 585 3536 ln
597 3499 622 3536 se
647 3485 714 3544 nese,
725 3485 767 3534 ch.
780 3499 820 3546 xv,
832 3499 857 3532 v.
870 3490 885 3534 5
898 3501 905 3534 r
918 3505 929 3530 o
943 3487 1044 3550 Suspice
1057 3501 1108 3538 coe·

166 3553 270 3602 retortis
291 3553 410 3604 motibus.
430 3571 441 3597 a
464 3550 529 3602 Elios
546 3562 578 3599 ua
597 3561 623 3598 ee
647 3546 702 3594 lum
714 3553 740 3596 et
751 3557 859 3595 numera
871 3547 968 3610 stellas,
984 3547 1004 3597 si
1019 3557 1105 3616 potes,

166 3615 295 3667 cononem
307 3616 395 3683 point,
415 3621 441 3670 et
460 3613 520 3667 elles
539 3625 570 3665 ne
582 3611 624 3664 de-
646 3607 681 3659 sic
692 3608 740 3660 erit
751 3619 837 3659 semen
853 3615 935 3657 tuum.
949 3626 962 3653 v
