2522 4024
384 204 510 256 llltllllt'l'l
526 202 838 256 AUCTORISCARMEN.
1016 247 1018 254 ,
1048 210 1091 258 tbi

237 305 314 369 Ordo
328 323 460 378 manens,
473 304 574 368 iisdem
589 304 741 367 subsistunt
755 307 847 368 omnis
862 306 962 370 causis.
1044 323 1094 369 ros

237 385 307 457 Quae
319 384 374 445 nisi
386 385 512 467 perpetui
525 385 612 447 solers
625 385 771 467 prudentia
785 386 825 448 Rc
846 388 869 448 is

237 465 412 542 Adstrueret,
421 463 587 556 'molemque
600 485 714 527 ornnem
724 467 795 548 spira
834 487 852 528 o
866 467 980 542 foveret,

238 544 424 610 Conciderant
434 543 525 608 subita
539 565 567 606 ro
579 544 697 610 nihilum
712 546 861 628 redigenda
872 547 963 610 ruina.

270 719 305 781 llt
317 739 406 801 quum
419 719 479 784 haec
506 719 686 803 ervigiliourt
696 720 1043 803 Omnipotentisagantur,

238 799 305 872 Quae
319 808 426 861 certum
440 799 474 862 ad
484 739 571 861 briem
584 799 688 862 devexo
698 800 785 864 limite
799 809 935 884 vergunt:
1043 815 1095 863 270

238 879 306 950 Quis
318 887 404 962 neget
417 880 445 941 irr
459 887 583 943 nostram
596 887 710 964 gentem
722 881 869 964 specialius
886 901 1011 964 unquam

234 959 337 1021 Partiri
352 979 401 1020 sua
413 959 476 1052 jura
490 959 592 1035 Deum,
609 959 653 1022 cui
665 962 785 1042 perpetis
799 963 849 1022 aevi

237 1039 323 1122 Spem
340 1039 443 1114 tribuit,
462 1039 579 1122 propriae
593 1039 707 1122 largitus
720 1041 849 1124 imaginis
861 1041 966 1102 instar?

237 1123 275 1181 nt
288 1119 337 1212 qui
350 1139 403 1183 noc
416 1137 527 1202 poenam
539 1119 661 1203 injustis,
676 1139 728 1182 nec
737 1123 852 1260 praernia
863 1121 964 1183 sanctis

235 1199 357 1260 llosbtui
369 1199 533 1280 adpraesens
543 1200 680 1281 quereris,
692 1200 735 1261 vel
747 1219 813 1263 csrre
824 1220 873 1283 per
884 1219 982 1263 omnes
1042 1219 1092 1266 275

238 1278 370 1340 Ultrioem
382 1279 476 1362 culpas
490 1278 659 1342 descendere
670 1279 771 1361 judicis
785 1281 874 1341 iram?

237 1359 272 1420 Et
285 1375 341 1440 quo
355 1358 527 1441 magnanimi
541 1359 663 1420 clemens
675 1359 806 1444 patientia
816 1359 901 1444 Regis

237 1437 359 1502 Distarct
370 1443 442 1501 saort
453 1437 567 1500 immitis
578 1438 686 1501 scritate
698 1441 805 1522 tyranni
814 1441 830 1500 ‘t
964 1437 967 1442 “

236 1519 280 1578 An
294 1537 358 1600 quae
369 1539 432 1600 pars
445 1518 593 1592 hominum
606 1519 710 1601 peccati
716 1521 816 1596 ,nescia
832 1520 970 1584 mundum

236 1596 400 1660 possessura
410 1599 498 1661 foret?
511 1598 556 1661 vel
569 1606 672 1662 sanctae
684 1600 747 1682 quis
756 1599 833 1662 locus
847 1610 922 1664 esset
1037 1623 1089 1668 rso

236 1677 337 1740 Virtuti
352 1677 548 1740 interristllui
563 1679 587 1740 si
603 1682 748 1760 praesentia
759 1679 832 1743 dona

239 1757 404 1832 bffluerent,
416 1758 486 1820 coelo
498 1758 589 1840 potiris
602 1759 709 1821 sublata
722 1767 858 1824 maneret.

239 1836 287 1899 Sic
300 1837 400 1914 mundi
414 1845 488 1900 meta
501 1838 623 1920 abruptis
646 1853 789 1921 properata
804 1839 902 1900 luisset

237 1917 439 2000 Temporibus:
455 1938 547 2000 neque
562 1919 592 1979 in
603 1917 727 1980 sobolem
737 1918 894 1998 generanda
905 1919 1013 1982 reniret

237 1995 397 2089 Posteritas²
411 1998 514 2080 pariter
527 2017 614 2078 quum
625 1997 715 2078 justos
725 2005 806 2077 atque
821 2003 953 2058 nocentes
1040 2017 1090 2062 ror

237 2077 294 2140 Aut
306 2073 462 2160 promissus
474 2077 574 2152 honos,
587 2084 634 2140 ant
646 2094 728 2160 poena
742 2075 862 2140 auferret
875 2075 909 2138 ab
920 2075 997 2142 orbe.

237 2250 320 2313 Nunc
331 2259 413 2313 vero¹
427 2258 456 2312 et
467 2250 577 2333 generis
591 2250 678 2312 nostri
689 2249 823 2333 profunda
837 2271 958 2334 propago

237 2330 383 2404 Tenditur,
394 2349 427 2392 ac
442 2330 545 2412 duplici
557 2329 679 2394 succedit
692 2330 801 2413 origine
814 2331 913 2413 pubes,

239 2410 308 2472 Nata
322 2420 432 2493 patrum
447 2410 579 2473 membris
595 2419 623 2472 et
636 2409 738 2474 Christi
751 2411 828 2477 lontc
840 2422 949 2475 renata:

238 2491 272 2552 Et
305 2491 331 2552 ia
345 2492 414 2554 dum
428 2489 538 2573 populis
552 2489 663 2552 Domini
675 2491 806 2573 patientia
818 2493 912 2573 parcit,
1039 2509 1091 2558 too

237 2570 270 2632 ln
283 2511 375 2633 breem
391 2570 494 2633 multos
509 2570 544 2634 dc
555 2573 624 2633 tetra
638 2578 720 2637 nocte
733 2590 869 2645 reversos,

237 2651 278 2712 Ac
290 2650 395 2733 positt¹
407 2650 494 2712 claros
507 2650 611 2731 peccati
624 2649 686 2712 labe
702 2650 840 2714 videmus.
944 2677 945 2680 ¹

238 2729 286 2792 llle
300 2749 351 2810 per
367 2731 528 2794 innumeros
542 2731 645 2804 vultus,
660 2737 688 2792 et
700 2729 775 2791 mille
785 2750 834 2812 per
848 2750 920 2805 aras,

237 2809 367 2873 Barbatos
378 2810 483 2874 loevcs³
494 2829 548 2892 qne
560 2809 643 2884 Deos,
650 2809 823 2892 juvenesque
836 2831 985 2894 senesque,

236 2889 272 2959 Ut
284 2890 424 2971 quondam
435 2889 536 2963 fecere,
551 2890 655 2962 colens,
667 2892 725 2970 J'am
737 2909 828 2952 errore
842 2901 987 2973 parentum
1038 2911 1090 2958 roo

124 2995 127 3004 ·
236 2969 361 3052 Abjecto,
373 2971 463 3033 solum
476 2969 528 3031 Un‘
551 2989 633 3032 enam
647 2969 813 3032 summissus
828 2971 933 3035 adorat.

236 3049 288 3112 llic
303 3049 433 3132 sophicos
447 3057 518 3112 artes
556 3049 690 3112 rae'corum
703 3058 731 3111 et
740 3069 810 3112 varra
823 3063 934 3115 secutus

169 3287 178 3317 ¹
197 3303 212 3332 ι
223 3284 297 3336 Nunc
307 3285 379 3350 roro,
393 3286 480 3336 »mais
488 3297 521 3334 au
533 3295 597 3334 corr-
634 3283 658 3334 lo
667 3282 716 3332 sim
734 3283 758 3334 le
771 3297 836 3346 pour
849 3283 873 3335 le
886 3283 1011 3347 compost.

133 3347 225 3400 maire
252 3347 323 3400 cette
350 3347 461 3400 locutiou
491 3359 598 3410 marqua
666 3297 815 3419 nuberes,
831 3365 842 3391 ι
860 3359 918 3396 sans
936 3347 1028 3408 barbo,
1044 3357 1090 3409 par

133 3410 297 3475 l'opposition
306 3416 331 3460 et
342 3423 456 3460 annones
466 3410 598 3458 lacontre-
633 3409 799 3480 oppositioni
812 3427 824 3454 α
837 3407 961 3458 barbatos.
982 3427 1035 3453 »-
1051 3407 1090 3458 On
1150 3447 1153 3458 .

135 3473 219 3537 partie
243 3472 278 3522 du
310 3472 521 3536 developpement
551 3471 596 3534 qui
633 3471 735 3521 vort'ici
753 3469 815 3533 qu'il
838 3470 924 3540 restait
942 3483 1033 3520 encore
1047 3470 1091 3538 dos

135 3535 254 3600 precede.
633 3539 714 3582 traces
723 3533 753 3582 dc
766 3545 911 3594 paganismo
919 3545 951 3581 au
960 3545 1090 3584 commen-

168 3599 181 3630 2
201 3617 213 3643 ι
230 3596 311 3648 Positd
324 3615 336 3642 s
350 3611 413 3659 pour
427 3615 437 3642 u
451 3595 595 3659 deposita»
633 3600 733 3646 comant
744 3595 778 3644 du
790 3593 934 3654 cirquieme
944 3594 1026 3648 siecle.
