2542 4046
383 609 960 696 INTRODUCTION-

669 1255 781 1302 Psallam
792 1257 891 1314 spiritu,
902 1258 1008 1314 psallam
1019 1261 1042 1302 el
1050 1261 1137 1302 mente.

804 1339 827 1388 tl
840 1337 966 1390 Corinth„
977 1340 1046 1390 XIV,
1057 1339 1100 1392 15.)

222 1573 253 1643 tt
284 1573 356 1641 u’est
378 1587 516 1664 personne
546 1576 600 1666 qui
630 1588 722 1666 ayant
751 1576 874 1644 enteudu
906 1551 946 1645 les
974 1577 1076 1645 chauts
1107 1577 1140 1646 de

179 1685 322 1787 l'b‘glise,
353 1699 420 1767 u'eu
442 1702 488 1766 eit
510 1704 552 1767 ttt
571 1705 639 1767 lmu
662 1724 696 1767 eu
717 1723 769 1767 san
797 1724 891 1783 auur,
917 1723 1023 1768 eamme
1044 1700 1141 1768 l'ltas't

177 1822 213 1888 S.
230 1823 401 1910 Augustis,
418 1822 520 1912 quand
540 1821 566 1889 il
587 1823 734 1891 euteudait
756 1822 796 1890 les
817 1825 935 1912 hyrenes
953 1829 1063 1890 sucre'es
1086 1847 1141 1913 que

156 2015 160 2024 ,
176 1946 213 2012 S.
228 1945 382 2012 Ambros'se
391 1946 504 2033 fuissit
520 1946 638 2013 eleuter
656 1945 777 2012 deusta
792 1945 1136 2013 eatbldruledeMilau.

177 2065 265 2133 Flevi
283 2069 317 2134 in
331 2068 460 2157 hymnis
475 2088 507 2135 et
521 2071 664 2154 canticis,
679 2093 774 2136 suave
790 2072 934 2136 sonantis
952 2067 1094 2136 ecclesiae
1114 2066 1138 2138 ⁴.

221 2191 315 2276 Quels
328 2197 434 2260 tre'sors
448 2192 545 2276 d'art,
562 2192 596 2260 de
610 2195 710 2280 ge'ur'e,
724 2193 950 2282 d’inspiruts'ou,
972 2193 1006 2260 de
1017 2193 1081 2280 foi,
1107 2193 1141 2260 de

173 2317 263 2402 pilte',
285 2315 499 2403 d’lds'fieats'ou,
521 2316 555 2384 de
568 2317 778 2400 consolatione,
799 2318 832 2385 de
855 2317 968 2385 beaulls
988 2321 1141 2405 incompa-

176 2437 289 2520 rubles,
319 2438 352 2505 de
374 2451 510 2507 suuuutes
536 2453 562 2506 et
583 2442 691 2508 saintes
709 2441 887 2524 recherches,
908 2441 1082 2528 reuferrueut
1100 2439 1141 2506 les

175 2559 277 2625 chants
290 2564 385 2627 saerls
398 2563 431 2629 de
455 2547 605 2650 l'Egls'sel

220 2684 286 2769 Qui
299 2687 440 2773 peuerell
452 2685 515 2752 dire
530 2687 569 2753 les
584 2686 741 2774 languesct
757 2688 870 2774 pieuses
885 2686 1073 2754 meditatione
1086 2688 1140 2775 qui

173 2819 223 2873 out
234 2813 359 2895 prlparl
377 2810 408 2876 la
418 2811 546 2876 ere'ation
560 2810 593 2876 sle
597 2809 749 2897 plusieurs
762 2810 795 2877 de
804 2832 846 2876 ees
860 2812 1039 2876 ruvlssautes
1052 2808 1111 2875 rull
1127 2846 1139 2856 -

175 2933 260 2999 dies?
283 2933 349 3018 Qui
367 2936 506 3022 pourruit
526 2947 643 3001 surlaut
673 2933 736 3000 hieu
759 2933 898 3023 uuulyser
923 2933 955 3000 la
981 2937 1079 3020 peusle
1105 2931 1139 2998 de

176 3056 255 3122 leurs
265 3060 359 3145 pieux
378 3071 517 3141 auteurs,
534 3071 559 3126 et
573 3082 646 3127 nous
663 3058 775 3126 re've'ler
797 3071 862 3124 cette
880 3061 945 3124 rlrue
958 3055 1051 3147 qu’r'ls
1074 3056 1139 3122 leur

174 3192 224 3246 aut
245 3184 463 3272 communique'e
486 3195 512 3249 et
530 3185 583 3272 qui
599 3183 664 3251 leur
681 3183 773 3250 douae
787 3206 843 3249 urse
867 3184 912 3250 vie
934 3183 963 3248 ss'
981 3179 1139 3269 pressante-

176 3317 270 3387 meut,
287 3307 315 3372 si
320 3306 528 3393 foucilretueut
541 3307 709 3394 religieuse,
733 3330 786 3397 que
800 3307 866 3373 leur
884 3317 979 3372 arcent
994 3303 1090 3370 leudre
1113 3315 1139 3370 et

171 3429 264 3515 pieux
283 3429 387 3497 semble
405 3454 439 3496 ue
461 3430 561 3498 devoir
583 3435 642 3498 llre
662 3433 777 3519 jaruur's
798 3429 960 3518 surpassl?
984 3427 1068 3494 Elles
1090 3438 1140 3492 aut

212 3671 221 3705 ⁴
249 3669 372 3742 Confess„
389 3670 433 3724 liv.
451 3671 503 3736 lX,
523 3671 549 3725 6.
